1924 3458
191 296 278 336 554

633 295 688 343 Q·
723 295 1011 342 HORATII
1046 297 1287 343 FLACCI

358 411 445 453 Aut
462 410 619 454 flumen
637 411 835 456 Rhenum
853 422 924 456 aut
942 414 1102 471 pluvius
1122 415 1362 459 describitur
1381 430 1520 459 arcus:

360 486 444 529 Sed
463 501 574 529 nunc
593 502 678 530 non
697 496 783 531 erat
795 468 859 531 hi‘s
878 491 1017 532 locus:
1047 497 1089 532 et
1108 491 1273 534 fortasse
1293 505 1527 548 cupressum

248 567 306 603 20

363 560 454 603 Scis
474 561 691 606 simulare:
725 563 825 620 quid
843 563 938 617 hoc,
962 564 996 606 si
1016 565 1152 609 fractis
1173 573 1309 609 enatat
1329 580 1469 622 exspes

359 635 556 690 Navibus,
576 651 657 680 aere
678 637 773 681 dato
792 638 863 695 qui
881 639 1094 695 pingitur?
1126 640 1324 696 amphora
1344 640 1473 697 eoepit

357 709 547 764 Institui3
578 720 766 757 currente
786 721 874 755 rota
893 727 966 755 cur
983 729 1128 757 urceus
1147 715 1259 756 exit?

307 815 309 818 -
357 783 624 842 Deniquesit,
644 786 753 844 quod
771 785 844 840 vis
864 785 1045 844 ,simplex
1059 787 1256 841 duntaxat
1275 795 1321 836 et.
1337 802 1481 843 unum
1500 835 1502 838 .

357 848 548 901 Mai-{ima
565 875 657 916 pars
676 867 830 912 vatum,
850 867 966 916 pater
985 867 1027 902 et
1039 859 1211 917 juvenes
1229 847 1343 916 patre
1362 860 1492 916 digni,
1534 911 1541 913 ὴ

243 937 299 975 25
403 933 605 989 ecipimur
623 934 758 990 specie
779 934 905 975 recti:
936 933 1068 975 brevis
1087 947 1172 975 esse
1193 935 1345 987 laboro,

348 931 564 1070 ssbscurus
584 1007 662 1050 fio:
694 1015 920 1049 sectantem
942 1007 1048 1050 levia
1067 1007 1183 1050 nervi

345 1072 571 1139 {Deficiunt
590 1082 801 1138 animique
818 1097 828 1124 ε
861 1083 1061 1138 professus
1081 1082 1252 1138 grandia
1270 1089 1430 1138 turget:

346 1138 493 1212 {Serpit
509 1156 630 1198 humi
648 1163 759 1198 tutus
779 1156 958 1198 nimium
978 1157 1227 1214 timidusque
1246 1159 1452 1214 procellae.

357 1229 442 1275 Qui
462 1230 613 1273 variare
634 1231 748 1289 cupit
767 1246 854 1274 rem
874 1231 1154 1289 prodigialiter
1172 1239 1314 1285 unam,
1337 1251 1343 1254 ·

186 1366 223 1393 18
240 1361 341 1393 Rheni
355 1362 431 1394 Sax.
515 1371 560 1395 ⁴20
572 1374 675 1405 expers
686 1364 725 1396 Z.
748 1375 838 1406 expes
854 1363 895 1395 G.

503 1407 577 1438 MS.
594 1408 722 1439 Helmst.

182 1527 252 1548 curn
273 1517 441 1550 decurrunt.
484 1518 555 1550 Hoc
574 1520 705 1551 ostendit
726 1519 877 1563 Cruquius
899 1532 936 1552 ex

185 1559 341 1593 Strabone.

230 1610 269 1636 18
291 1604 356 1636 Aut
367 1606 493 1648 flumen
508 1606 669 1645 Rhenum5
690 1605 792 1638 Poetae
813 1617 937 1638 consue-

183 1646 485 1679 veruntSubstantiva
499 1649 589 1679 etiam
601 1649 747 1681 declinare
761 1650 798 1681 ad
813 1650 938 1681 formam

184 1689 416 1731 Adjeetivorum.
461 1690 512 1722 Sic
541 1691 665 1723 Ovidius
701 1694 800 1735 posuit
840 1693 941 1735 Caput

184 1733 370 1773 Augustum,
392 1741 423 1765 et
444 1735 606 1766 Quirinum
628 1737 757 1775 Urbem,-
780 1744 810 1767 et
823 1735 940 1768 Persius

186 1777 302 1808 Heroas
321 1788 434 1815 sensus,
455 1785 485 1808 et
504 1778 635 1809 Juvenes
647 1778 732 1820 jocos
744 1792 754 1810 :
776 1787 866 1822 atque
887 1779 937 1811 hic

185 1827 297 1858 noster,
311 1821 490 1852 Metaurum
493 1823 628 1864 flumen,
649 1829 679 1853 et
691 1823 854 1854 Romulum
864 1834 937 1864 gen-

184 1866 253 1894 tem.

232 1912 271 1939 19
294 1906 355 1938 Sed
380 1917 481 1945 uum-5
502 1905 534 1937 h.
560 1918 586 1939 e.
611 1909 800 1950 quantumvis
822 1920 938 1951 pannus

184 1948 349 1992 splendeat,
364 1957 395 1981 et
406 1951 523 1981 tametsi
539 1951 576 1981 sit
591 1962 766 1993 purpureus.

231 1991 413 2035 Cupressum
427 1994 485 2024 scis
499 1994 640 2025 simulare
647 2007 660 2033 ;
684 2002 808 2026 tractum
824 2002 869 2026 est
878 1994 937 2026 hoc

185 2045 222 2065 ex
236 2036 359 2078 antiqua
369 2035 487 2074 sabella,
495 2047 586 2078 quam
602 2038 644 2071 sic
655 2038 775 2069 relatam
789 2037 937 2069 habemus

185 2088 205 2109 a
218 2077 327 2110 Vetere
343 2078 518 2122 Interprete.
562 2081 627 2111 Hoc
642 2081 832 2113 Proverbium
847 2087 888 2112 est
903 2082 936 2112 in

186 2123 305 2153 malum
327 2123 485 2165 pictorem,
509 2124 562 2164 qui
587 2125 729 2156 nesciebat
754 2125 840 2156 aliud
868 2127 937 2156 hene

180 2165 305 2207 pingere
318 2177 410 2206 quam
425 2175 595 2208 cupressum
607 2179 617 2198 :
641 2169 678 2198 ah
701 2168 754 2198 hoc
767 2167 936 2208 muffragus

184 2208 309 2248 quidam
326 2210 415 2251 petiit
441 2214 477 2240 ut
490 2209 602 2249 fatum
622 2221 710 2242 suum
739 2212 938 2254 affirmet,-

185 2251 238 2281 ille
252 2252 455 2292 interrogavit,
470 2263 544 2284 num
559 2264 596 2284 ex
617 2263 751 2296 cupresso
774 2256 861 2286 vellet
881 2256 939 2286 ali-

186 2294 260 2334 quid
280 2293 390 2336 adjid:
435 2296 481 2327 Μῆ
497 2308 528 2328 τι
550 2297 602 2328 καῖ
620 2308 700 2328 uuna
716 2296 804 2329 ίσσου
817 2296 938 2337 θέλεις-ς

187 2335 257 2380 Hoc
281 2336 472 2370 Proverbium
495 2340 628 2372 eruditus
646 2342 690 2371 vir
739 2342 855 2372 enricus
870 2340 938 2372 Ste-

208 2379 305 2412 hanus
332 2392 370 2413 ex
394 2383 503 2425 scripto
527 2394 582 2414 suo
612 2383 779 2416 Scholiaste
808 2385 938 2416 eruebat.

221 2433 305 2455 otum
320 2432 365 2456 est
388 2425 557 2469 naufragos,
571 2427 609 2458 ad
626 2428 870 2459 commovendam
884 2438 939 2470 po-

186 2467 251 2508 puli
261 2468 500 2508 misericordiam,
515 2469 712 2502 infortunium
726 2482 815 2503 suum
829 2471 939 2502 tabella

185 2509 337 2552 depictum
351 2510 484 2544 humeris
497 2513 747 2557 circumgestfisse.

232 2560 274 2585 20
297 2555 425 2597 Exspes,
450 2557 488 2587 ab
509 2558 593 2588 omni
615 2568 667 2599 spe
692 2558 864 2595 destitutus,
886 2558 939 2598 qui

181 2595 248 2636 jam
271 2597 428 2640 despondit
450 2600 601 2631 animum:
624 2612 723 2642 neque
737 2602 830 2639 enim,
852 2608 939 2643 puto,

186 2639 336 2713 gausores
365 2642 478 2674 invenit
506 2643 552 2674 vel
578 2644 708 2675 inveniet
738 2645 940 2686 interpretatio

219 2694 280 2714 ern.
302 2683 440 2723 Martini,
462 2685 534 2718 var.
556 2685 657 2718 Lectt.
676 2694 703 2719 1.
726 2695 778 2719 25.
801 2688 938 2729 expedem

188 2722 239 2756 hic
262 2737 335 2765 esse,
351 2726 464 2768 νέποδιι,
478 2740 529 2760 ore
549 2736 666 2761 tantum
689 2731 739 2773 qui
764 2737 869 2766 exstet,
884 2741 938 2772 pe-

189 2767 288 2806 dibus,
299 2778 329 2800 et
342 2771 457 2814 reliquo
465 2783 587 2815 corpore
597 2773 682 2812 adeo,
694 2785 772 2815 aqua
782 2773 937 2805 occultatis

188 2818 222 2841 et
243 2812 410 2846 submersis.
442 2815 484 2847 G.
528 2816 611 2847 Quid
634 2817 699 2855 hoc,
722 2817 795 2858 quid
821 2816 938 2859 prodest

189 2854 332 2897 mufrago
344 2858 452 2889 misero
466 2870 619 2901 cupressus
634 2861 734 2902 picta?
758 2859 796 2891 Z.

232 2904 271 2928 21
296 2899 462 2942 Amphora,
483 2913 532 2933 vas
554 2903 686 2946 amplum
710 2911 741 2934 et
761 2902 940 2945 quadrilate-

188 2950 267 2978 rum,
282 2941 410 2985 oblongo
424 2944 511 2975 eollo.

233 2991 274 3016 22
293 2984 414 3024 Urceus,
427 2986 543 3029 lagena,
551 2999 600 3019 vas
613 2995 773 3031 angustum
787 2995 819 3020 et
831 2990 940 3020 venui-

187 3037 304 3067 eosum,
319 3028 383 3061 cadi
398 3028 458 3062 fere
473 3029 577 3063 forma.
622 3031 702 3064 Orca
717 3042 812 3073 genus
831 3038 872 3064 est
885 3043 939 3067 va-

982 1371 1021 1396 23
1038 1364 1153 1407 quidvis
1170 1365 1268 1396 Bentz.
1283 1370 1310 1396 et
1328 1365 1456 1398 C11n.esc
1472 1365 1570 1398 MSS.
1586 1365 1628 1397 vis
1650 1365 1731 1409 quod

811 1412 851 1439 26
868 1407 947 1439 lenia
959 1409 1060 1440 Benel.
1078 1408 1158 1440 Cun.
1170 1409 1245 1440 San.
1260 1419 1297 1440 ex
1310 1409 1409 1441 MSS.

978 1522 1030 1558 six,
1052 1532 1072 1552 a
1093 1533 1151 1563 quo
1170 1532 1274 1553 urceus
1298 1527 1325 1553 et
1349 1522 1481 1553 urceolus
1500 1521 1618 1553 elicitur.
1660 1521 1731 1554 Vet-

979 1563 1084 1595 Schol.
1099 1564 1189 1606 Cruq.
1234 1565 1301 1596 Nos
1321 1572 1457 1606 corrupte
1475 1562 1583 1599 Εῇἱυετ
1597 1565 1731 1596 dicimus.

1024 1607 1121 1646 Exit‚·
1144 1608 1253 1650 prodit,
1269 1609 1351 1649 quasi
1367 1618 1404 1638 ex
1418 1609 1576 1650 insperato.
1597 1607 1635 1639 B.
1670 1607 1733 1638 Cur

980 1649 1088 1680 desinit
1112 1651 1143 1681 in
1164 1652 1307 1681 urceum?
1331 1650 1364 1682 h.
1380 1661 1407 1681 e.
1429 1651 1593 1682 instituitur
1613 1662 1733 1682 carmen

984 1693 1123 1732 sublime,
1147 1700 1177 1724 et
1203 1694 1322 1725 tandem
1337 1695 1371 1725 fit
1396 1692 1511 1725 humile
1526 1702 1557 1725 et
1586 1695 1732 1737 ineptum.

1024 1785 1063 1810 23
1086 1777 1171 1810 Male
1190 1778 1347 1810 Bentleius
1367 1779 1495 1822 quidvis,
1510 1787 1541 1812 et
1565 1780 1648 1811 nulla
1662 1790 1732 1811 cum

977 1830 1162 1855 auctoritate.

1022 1866 1160 1908 Simplex
1170 1870 1198 1896 et
1212 1876 1308 1897 unum
1318 1877 1331 1903 ;
1347 1865 1523 1897 continuum
1535 1874 1566 1897 et
1575 1866 1732 1897 uniforme.

1023 1916 1064 1940 24
1080 1910 1226 1940 Maxima
1234 1918 1310 1951 pars
1320 1920 1334 1947 ‚·
1356 1908 1393 1938 ad
1412 1910 1532 1940 tertium
1548 1916 1732 1951 praeceptum

979 1960 1126 1994 properat,
1141 1951 1221 1993 quod
1246 1958 1292 1982 est
1306 1950 1358 1982 De
1372 1951 1495 1983 vitandis
1509 1953 1587 1984 vitiis
1606 1953 1638 1983 in
1652 1951 1734 1983 Cha-

979 2002 1090 2026 ractere
1105 1994 1183 2027 Stili.

1021 2045 1061 2070 25
1078 2038 1191 2081 Specie,
1206 2038 1311 2080 supple
1315 2037 1418 2078 falsa.
1736 2064 1738 2066 ,

1021 2082 1146 2113 Rectum
1167 2088 1211 2112 est
1235 2091 1323 2123 pravo
1337 2081 1527 2120 contrarium,
1541 2082 1587 2112 uti
1611 2091 1733 2124 pravum

978 2131 1010 2156 et
1022 2135 1191 2167 perversum
1207 2132 1320 2155 naturae
1335 2131 1365 2155 et
1379 2124 1496 2155 rationi.

1021 2169 1160 2207 Laboro,-
1182 2166 1214 2198 h.
1231 2179 1258 2199 e.
1274 2167 1386 2198 laborat
1400 2168 1483 2209 quis:
1507 2167 1733 2212 namEnallage

980 2218 1025 2243 est
1038 2210 1186 2243 Personae.

1022 2258 1064 2286 26
1079 2255 1258 2292 Sectantem,
1273 2254 1381 2286 imitari
1392 2260 1567 2285 tentantem.

1023 2298 1140 2335 Levia,·
1163 2297 1271 2336 facilia,
1286 2297 1388 2328 mollia
1410 2305 1442 2328 et
1460 2297 1595 2329 fluentia.
1637 2295 1734 2328 Bent-

980 2341 1056 2372 leius
1070 2341 1187 2384 propria
1207 2341 1378 2382 conjectura
1395 2340 1432 2371 de
1447 2342 1525 2372 levia
1539 2340 1611 2371 fecit
1632 2341 1732 2372 lenia.-

981 2395 1038 2427 ego
1052 2384 1128 2416 nihil
1143 2385 1316 2415 mutaverim
1330 2383 1440 2414 indicta
1450 2394 1546 2415 causa.
1568 2383 1606 2414 B.
1637 2384 1735 2414 Lem'a

980 2426 1138 2470 pulchram
1160 2428 1238 2470 parit
1256 2428 1446 2465 sententiam,
1466 2434 1497 2457 et
1516 2426 1610 2458 habet
1623 2426 1733 2457 multoe

981 2479 1125 2502 auctores.
1169 2469 1230 2501 Sed
1245 2470 1325 2512 quod
1339 2471 1423 2501 devia
1437 2471 1558 2511 conjicit
1565 2471 1607 2501 vir
1617 2470 1733 2508 doctus,

981 2522 1045 2546 tota
1057 2515 1104 2545 via
1113 2514 1246 2544 aberrare
1259 2513 1335 2545 mihi
1348 2513 1511 2545 videbatur.
1531 2513 1573 2544 G.

1026 2558 1120 2589 Nervi
1131 2558 1282 2598 animique
1293 2569 1307 2596 ς
1328 2556 1361 2588 h.
1374 2568 1401 2587 e.
1414 2557 1514 2595 robur,
1529 2564 1561 2588 et
1574 2556 1658 2599 vigor
1671 2557 1732 2598 spi-

982 2601 1065 2632 ritas.
1108 2600 1196 2643 Saepe
1215 2605 1365 2631 enervatos
1383 2610 1484 2631 versus
1498 2601 1598 2631 scribit
1612 2600 1665 2641 qui
1678 2600 1732 2630 dat

982 2654 1100 2687 operam
1111 2649 1146 2674 ut
1159 2645 1268 2675 scribat
1278 2644 1424 2674 debicatos.
1446 2642 1517 2674 Vet.
1529 2641 1631 2674 Schol.

1025 2693 1063 2723 27
1083 2686 1233 2725 Grandia,
1247 2686 1395 2718 sublimia.

1021 2737 1062 2762 98
1078 2730 1177 2772 Serpit
1200 2730 1284 2761 humi
1290 2742 1304 2768 ,·
1331 2731 1356 2761 it
1375 2738 1431 2772 per
1455 2734 1576 2767 tetram,
1598 2728 1652 2769 qui
1670 2738 1731 2759 mm

978 2775 1067 2805 audet
1081 2774 1200 2813 magnis
1209 2784 1240 2804 se
1250 2774 1398 2816 imponere
1411 2774 1496 2804 relms
1504 2784 1517 2810 ‚·
1539 2779 1573 2802 ut
1581 2771 1731 2813 eleganter

979 2815 1049 2847 Vet.
1065 2815 1169 2847 Schol.
1211 2815 1276 2852 Qui
1297 2816 1410 2846 scilicet
1423 2815 1529 2846 diserte
1544 2814 1626 2856 loqui
1638 2822 1731 2853 amat,

979 2860 1063 2891 tenui
1078 2858 1156 2890 Stilo
1169 2866 1338 2890 contentus.

1024 2904 1167 2934 Proceuae
1176 2915 1190 2942 ,-
1211 2902 1264 2933 alti
1273 2902 1365 2939 venti,
1380 2899 1412 2931 h.
1421 2912 1448 2931 e.
1463 2899 1574 2931 inflatae
1582 2900 1731 2931 dictionis.

981 2946 1054 2977 Non
1068 2950 1167 2977 tamen
1180 2947 1241 2976 alto
1259 2954 1373 2987 semper
1383 2943 1541 2984 feremur:
1564 2954 1636 2974 nam
1651 2948 1679 2974 et
1693 2945 1734 2975 lv·-

982 2994 1047 3020 tora
1060 2989 1209 3019 interdum
1222 2988 1366 3028 sequenda
1379 2992 1459 3017 sunt.
1502 2985 1681 3021 Quintilian.

1025 3038 1067 3065 29
1084 3031 1207 3063 Varioere
1213 3043 1228 3070 ,·
1249 3031 1374 3074 figurata
1386 3029 1528 3070 dictione,
1541 3040 1595 3062 seu
1608 3030 1734 3073 Allego·
1779 3060 1787 3067 f
