1950 3626
512 794 951 850 PRAESIDIA
1009 792 1413 851 QUAEDAM

659 1006 863 1046 HUJUS
910 1005 1263 1045 EDITIONIS.

948 1210 989 1259 I.

200 1342 398 1392 ΗΑΒΕΤ
450 1343 743 1394 Bibliotheca
799 1344 1075 1394 Academiae
1122 1342 1450 1411 Gottingensis
1503 1341 1735 1392 Codicem

196 1427 359 1475 charta
385 1427 685 1493 bombycina,
711 1428 915 1495 eleganti
948 1445 1092 1477 manu
1126 1428 1369 1492 scriptum,
1398 1427 1546 1476 literis
1570 1427 1738 1491 quales

195 1509 357 1559 formis
395 1510 491 1560 suis
529 1511 681 1575 sculpi
721 1512 904 1561 curavit
942 1511 1231 1571 Jensonius;
1286 1510 1558 1560 recentioris
1604 1510 1737 1559 illum

195 1593 387 1656 quidem
410 1595 495 1643 sed
518 1597 655 1644 bonae
677 1604 817 1655 notae,
844 1611 987 1659 quem
1012 1595 1299 1660 optimarum
1326 1595 1608 1659 plerumque
1633 1611 1740 1658 par·

194 1677 312 1726 tium
336 1693 454 1739 esse,
477 1678 668 1727 collatio
690 1688 853 1729 nostra
878 1679 1030 1728 docet.
1106 1678 1341 1727 Habetin
1364 1679 1575 1745 margine
1600 1695 1740 1744 argu-

198 1771 360 1812 menta
386 1762 563 1828 pariter
585 1772 636 1813 et
668 1763 852 1812 scholia
874 1762 1110 1827 quaedam,
1137 1763 1223 1812 sed
1249 1778 1374 1826 quae,
1405 1763 1594 1811 rubrica
1623 1762 1744 1828 fugi·

195 1858 304 1898 ente
327 1849 517 1914 scripta,
543 1866 673 1914 saepe
694 1849 788 1916 legi
818 1866 914 1898 non
940 1857 1160 1913 possunt3
1198 1865 1287 1898 nec
1321 1849 1368 1897 in
1402 1847 1458 1897 iis
1492 1846 1742 1896 observavi

197 1933 473 1998 quidquam,
523 1934 652 1998 quod
698 1950 794 1983 non
837 1934 1046 1982 habeant
1091 1932 1273 1997 antiqui
1320 1932 1601 1993 scholiastae,
1645 1949 1744 1996 qua

123 2028 127 2033 “
195 2016 311 2066 editi
331 2027 453 2067 sunt.

266 2099 335 2150 11.
375 2102 421 2151 Ε
444 2101 740 2152 Bibliotheca
764 2101 916 2169 Regia
944 2101 1301 2152 Hannoverana
1325 2104 1387 2151 ab
1414 2118 1524 2151 ILL.
1552 2118 1740 2151 scum-

193 2203 315 2248 Dlo,
340 2187 530 2236 fautore
553 2203 711 2236 rerum
735 2186 948 2236 omnium
983 2188 1231 2247 bonarum,
1257 2196 1307 2235 et
1342 2186 1497 2236 amico
1533 2203 1640 2236 meo
1662 2202 1743 2235 ve-

198 2270 300 2330 teri,
327 2287 514 2320 mecum
554 2270 904 2320 communicata
938 2280 1050 2320 sunt
1088 2271 1186 2319 duo
1222 2272 1487 2337 fragmenta
1523 2270 1742 2319 codicum

201 2354 391 2402 Horatii
424 2355 599 2403 chartae
637 2354 959 2420 Pergamenoe,
1003 2363 1045 2406 8.
1074 2355 1185 2403 min.
1259 2355 1427 2404 Unum
1466 2356 1741 2403 charactere

198 2438 428 2503 scriptum
454 2438 817 2505 Longobardico
842 2439 927 2487 sed
949 2438 1063 2487 satis
1086 2438 1216 2487 tenui
1241 2447 1290 2487 at
1319 2438 1537 2504 eleganti,
1558 2454 1647 2486 nec
1672 2448 1745 2486 ta-

198 2538 309 2586 men
333 2522 434 2571 sine
448 2540 619 2572 vocum
644 2522 952 2587 compendiis,
970 2522 1180 2571 continet
1197 2522 1348 2571 Serm.
1372 2522 1413 2570 I.
1444 2531 1483 2572 l.
1510 2538 1660 2584 usque
1679 2521 1742 2570 ad

201 2616 250 2659 2.
282 2616 390 2660 121.
416 2615 517 2656 tum
556 2616 595 2656 1.
620 2615 871 2660 4—4-2.
899 2616 948 2659 4.
972 2613 1053 2657 50.
1128 2606 1280 2655 Porro
1311 2614 1357 2656 2.
1398 2607 1446 2655 6.
1486 2615 1558 2658 14.
1594 2605 1655 2653 ad
1686 2605 1744 2653 fi-

199 2708 311 2741 nem
350 2691 471 2740 libri.
544 2691 782 2751 Alterum,
808 2689 955 2740 literis
998 2689 1320 2739 minutissimis
1357 2690 1742 2757 Longobardicis,

200 2778 348 2827 babet
382 2777 534 2842 Epist.
576 2781 626 2827 l.'
657 2786 701 2829 3.
732 2786 931 2832 27.—1.
965 2785 1037 2829 18.
1071 2785 1144 2829 13.
1220 2777 1278 2826 In
1302 2777 1446 2841 priori
1480 2778 1745 2844 fragemnto

200 2871 312 2927 post
334 2862 434 2911 Sat.
467 2872 507 2913 l.
553 2870 626 2912 10.
667 2870 745 2913 21.
772 2861 977 2911 insertus
1013 2871 1087 2911 est
1119 2878 1281 2910 versus
1318 2869 1397 2917 71.
1438 2859 1572 2927 Saepe
1603 2870 1746 2925 caput

200 2945 410 2995 scaberet
440 2948 571 2997 vivos
592 2955 639 2996 et
664 2947 850 2995 roderet
873 2963 1068 3012 ungues,
1099 2945 1182 3011 qui
1215 2945 1336 2994 infra
1373 2963 1410 2994 s.
1449 2946 1481 2994 1.
1516 2945 1746 3009 repetitur

200 3029 303 3080 sine
324 3031 731 3081 animadversione
756 3029 965 3094 antiqua.

928 3115 958 3162 b
983 3123 1011 3164 2
