1950 3626
542 707 563 710 M
622 627 740 694 Jo.
797 627 994 684 CAR.
1050 627 1388 684 ZEUNII

804 844 1205 889 PRAEFATIO.

236 1023 382 1085 Cum,
421 1028 773 1092 exemplaribus
808 1030 1026 1080 editionis
1055 1030 1278 1080 secundae
1311 1028 1578 1090 divenditiS‚
1604 1044 1778 1078 novam

232 1109 465 1160 adornare
482 1111 757 1162 instituisset
775 1113 1050 1175 Redemtor,
1069 1125 1119 1164 et
1135 1134 1164 1164 a
1182 1131 1259 1164 me
1278 1115 1503 1180 petiisset,
1520 1123 1584 1174 ut,
1606 1114 1645 1163 si
1663 1114 1778 1178 quid

233 1195 475 1265 haberem,
503 1197 757 1256 adderem3
795 1199 964 1262 opellae
989 1198 1334 1263 qualiscunque
1366 1217 1397 1248 a
1423 1215 1499 1248 me
1533 1198 1611 1247 hic
1646 1198 1779 1246 adhi-

234 1278 347 1328 bitae
371 1280 535 1343 paucis
559 1280 801 1329 reddenda
824 1297 928 1330 esse
946 1282 1131 1331 videtur
1145 1283 1277 1331 ratio.
1350 1281 1779 1331 observationibus

234 1362 430 1426 quidem
457 1363 649 1412 Baxteri
678 1373 727 1413 et
750 1364 970 1425 Gesneri,
999 1383 1133 1429 quas,
1161 1366 1200 1415 si
1224 1384 1253 1414 a
1288 1366 1451 1430 paucis
1484 1365 1780 1415 Baxterianis

233 1445 496 1505 recesseris,
516 1448 771 1496 servandas
786 1463 892 1496 esse
915 1448 1029 1497 duxi
1047 1466 1228 1509 omnes,
1245 1450 1422 1514 passim
1441 1450 1618 1499 addere
1635 1466 1780 1499 ausus

233 1546 339 1579 sum
363 1546 509 1591 meas,
538 1531 578 1579 si
602 1549 722 1596 quas
755 1533 822 1581 rei
844 1533 1153 1600 intelligentia
1176 1533 1448 1583 desiderare
1473 1533 1776 1582 videbatur*.

211 1614 440 1664 -Textum
464 1616 702 1665 nonnullis
722 1616 769 1665 in
792 1617 923 1678 locis,
952 1618 1034 1666 sed
1060 1626 1200 1666 caute
1222 1626 1273 1666 et
1296 1633 1453 1682 parce,
1473 1618 1534 1666 ad
1562 1616 1707 1666 fidem
1726 1616 1781 1664 li-

215 1701 427 1750 -brorum
444 1700 636 1762 mutavi,
653 1718 917 1766 causasque
932 1702 998 1751 rei
1018 1702 1404 1753 commemoravi.
1477 1700 1684 1750 Gesneri
1699 1717 1780 1749 va-

231 1783 386 1834 rietati
408 1785 621 1835 lectionis
645 1802 802 1836 meam
825 1803 1020 1851 quoque
1044 1787 1343 1836 inserendam
1367 1803 1472 1836 esse
1495 1785 1776 1846 existimavi,

233 1886 379 1934 quam
398 1870 472 1919 vel
493 1886 552 1919 ex
573 1870 853 1920 Bentleiana
868 1871 1089 1932 editione,
1117 1871 1330 1920 nondum
1349 1888 1379 1920 a
1397 1870 1621 1920 Gesnero
1644 1879 1780 1919 nota-

229 1963 345 2015 tam,
371 1943 447 2003 vel
469 1945 739 2004 Venetiana
761 1955 822 2004 de
844 1972 970 2005 anno
1000 1958 1140 2016 1559,
1170 1956 1243 2004 vel
1262 1955 1523 2016 Glareana,
1542 1971 1651 2019 quae
1677 1953 1716 2004 F
1719 1954 1780 2002 ri-

227 2040 371 2108 'burgi
406 2058 448 2090 a.
485 2041 612 2093 1536
646 2040 820 2105 prodiit
853 2040 899 2089 in
930 2042 1102 2101 lucem,
1127 2041 1202 2090 vel
1229 2039 1271 2090 C
1274 2039 1533 2089 habotiana
1563 2057 1606 2088 a.
1636 2039 1776 2097 1615,

233 2124 309 2173 vel
334 2110 555 2174 lambini
581 2125 890 2175 Wecheliana
914 2143 956 2174 a.
992 2126 1132 2184 1596,
1163 2124 1462 2192 collegeram.
1537 2123 1781 2172 Praeterea

238 2225 362 2269 cum,
382 2209 603 2276 singulari
617 2210 730 2259 Titii
750 2210 1039 2260 Professoris
1059 2209 1288 2277 Physices
1316 2210 1456 2276 longe
1483 2207 1780 2258 celeberrimi

236 2301 287 2342 et
304 2291 516 2360 Collegae
540 2294 633 2342 mei
652 2294 1022 2359 conjunctissimi
1040 2294 1335 2354 liberalitate,
1352 2294 1600 2359 exemplar
1614 2293 1779 2342 editio·

235 2377 308 2426 nis
333 2376 591 2426 Glareanae
617 2394 758 2426 manu
786 2377 828 2426 C
832 2377 944 2427 rusii
968 2378 1086 2430 olim
1111 2378 1395 2427 Professoris
1425 2376 1778 2444 Vitebergensis

237 2462 299 2511 ad
323 2478 455 2511 meos
480 2479 592 2510 usus
617 2462 918 2526 accepissem,
945 2461 1055 2511 inde
1079 2462 1297 2511 codicum
1324 2460 1605 2510 Bersmanni
1626 2460 1777 2509 varie·

231 2554 379 2595 tatem
398 2554 446 2595 et
464 2562 641 2610 paucas
661 2545 820 2595 Crusii
842 2546 1136 2610 conjecturas
1151 2544 1199 2593 in
1212 2546 1336 2594 hanc
1353 2544 1606 2594 editionem
1624 2554 1776 2593 trans-

233 2631 451 2681 ferendas
488 2630 663 2695 putavi.
737 2630 981 2688 Quoniam
1016 2639 1401 2697 argumentorum
1436 2629 1674 2679 enarratio
1713 2630 1774 2678 ad

234 2715 303 2765 rei
321 2715 674 2783 intelligentiam
689 2732 786 2764 non
805 2732 974 2781 parum
987 2716 1144 2765 facere
1157 2714 1479 2774 existimatur;
1516 2712 1659 2775 omni,
1677 2730 1777 2777 qua

234 2801 382 2865 potui,
428 2801 681 2869 diligentia,
732 2800 945 2865 inprimis
992 2799 1297 2850 Sermonibus
1337 2797 1659 2864 Epistolisque
1693 2799 1775 2848 illa

292 2962 320 2989 ²¹⁵
349 2960 458 3022 Quae
489 2959 587 3002 huic
622 2959 806 3018 repetitae
839 2958 1010 3002 editioni
1042 2973 1260 3013 accessere,
1287 2957 1351 3000 his
1378 2956 1505 3014 signis
1537 2956 1597 3014 [†]
1635 2965 1773 3001 notata

228 3046 335 3083 sunt.
399 3039 444 3082 C.
468 3037 514 3081 C.
541 3037 603 3079 W.

892 3138 901 3141 s
979 3112 1015 3148 a
1039 3099 1074 3148 2
