1924 3458
216 289 301 328 560

659 287 711 334 Q.
749 282 1038 332 HORATII
1066 284 1308 335 FLACCI

383 400 551 459 Projicit
569 405 781 460 ampullas,
806 413 848 447 et
866 406 1159 463 sesquipedalia
1177 407 1312 460 verba,

385 475 433 518 Si
454 484 568 519 curat
587 492 657 520 cor
672 480 891 535 spectantis
908 480 1087 536 tetigisse
1108 483 1282 538 querela.

385 550 484 594 Non
502 552 596 594 satis
609 560 669 594 est
686 554 858 610 pulchra
877 569 962 596 esse
981 560 1200 612 poemata3
1231 554 1368 597 dulcia
1387 561 1521 607 sunto,

246 631 328 669 100

384 625 443 668 Et
463 619 706 684 quocunque
725 630 877 682 volent,
897 629 1084 671 animum
1103 629 1294 671 auditoris
1311 637 1477 685 agunto.

386 700 447 742 Ut
466 700 690 743 ridentibus
709 702 900 754 arrident,
919 703 976 745 ita
995 703 1188 745 flentibus
1207 705 1354 745 adsunt

385 773 576 816 Humani
593 776 748 817 vultus:
779 775 890 836 sivis
902 790 979 836 'me
999 776 1112 829 flere,
1125 777 1355 834 ,do-lendum
1372 786 1438 835 est

1264 822 1402 832 ‚munna-..m

386 847 578 905 Primum*
594 848 671 906 ipsi
690 848 792 904 tibi3
821 856 921 891 tunc
941 856 1012 891 tua
1031 863 1099 890 me
1119 849 1343 891 infortunia
1362 832 1527 895 laedent:

386 923 586 978 Telephe,
608 924 673 964 vel
692 923 832 974 Peleu,
852 924 961 964 male
979 922 1013 964 si
1026 923 1219 965 mandata
1238 923 1427 980 loqueris,

249 1002 328 1041 105

388 998 475 1040 Aut
494 996 736 1049 dormitabo,
759 1003 829 1038 aut
848 995 1002 1038 ridebo.
1049 995 1200 1038 Tristia
1216 1004 1415 1040 moestum

386 1075 558 1117 Vultum
577 1075 700 1116 verba
719 1073 867 1116 decent
878 1089 891 1127 3
921 1073 1085 1126 iratum,
1104 1075 1228 1130 plena
1247 1074 1454 1117 minarum
1465 1091 1480 1128 3

386 1149 638 1201 Ludentem,
655 1148 803 1190 lasciva
809 1164 822 1201 3
853 1162 1052 1201 severum,
1072 1148 1176 1190 seria
1195 1148 1324 1191 dictu.
1348 1168 1352 1173 ·

386 1223 555 1266 Format
569 1223 681 1266 enim
702 1232 845 1266 natura
864 1224 974 1280 prius
994 1239 1066 1267 nos
1087 1224 1195 1267 intus
1215 1226 1267 1267 ad
1286 1240 1455 1268 omnem

368 1298 661 1340 Fortunarum
681 1298 895 1351 habitum;
920 1297 1048 1355 juvat,
1067 1306 1138 1340 aut
1157 1299 1335 1355 impellit
1353 1300 1406 1342 ad
1424 1299 1545 1355 iram,

249 1380 330 1417 110

387 1374 474 1415 Aut
491 1373 544 1415 ad
562 1373 739 1415 humum
760 1387 937 1414 moerore
957 1372 1070 1429 gravi
1090 1373 1270 1427 deducit,
1292 1381 1333 1416 et
1352 1375 1467 1431 angit
1483 1393 1496 1429 3

387 1448 484 1491 Post
504 1447 622 1490 effert
641 1446 770 1489 animi
791 1455 926 1496 motus
947 1447 1166 1503 interprete
1182 1447 1338 1503 lingua.

390 1522 436 1564 Si
457 1522 629 1564 dicentis
650 1528 770 1563 erunt
789 1521 959 1564 fortunis
978 1522 1130 1564 absona
1149 1521 1272 1575 dicta,

222 1665 262 1693 99
278 1668 351 1700 pura
365 1657 439 1688 MS.
454 1664 505 1698 ap.
522 1656 621 1686 Bentl.

262 1702 352 1732 etiam
366 1700 486 1731 aliunde
490 1699 600 1740 firmat
616 1699 716 1730 Bentl.
764 1698 823 1729 Sed
837 1696 944 1728 adsunt
958 1706 1056 1728 omnes
1069 1695 1176 1738 ubique
1191 1698 1298 1729 codices
1313 1702 1380 1729 leste
1396 1699 1524 1730 Talboto.

261 1743 365 1776 ridebo
379 1750 431 1774 aut
445 1742 539 1773 dorm.
561 1740 600 1772 Ζ.

218 1847 243 1865 “
263 1843 351 1886 leius)
368 1850 469 1875 tamen
484 1842 548 1884 ipse
561 1841 680 1883 reposui
691 1842 831 1884 Telephus
846 1846 899 1872 aut
914 1842 969 1872 Pe-

218 1891 243 1907 “
266 1890 340 1926 leus,
354 1886 553 1928 Disjunctive‚
567 1894 621 1927 pro
635 1885 685 1915 Tel
722 1886 778 1916 hus
793 1890 818 1915 et
835 1884 968 1916 Peleus-3¹

218 1930 377 1966 Quantum
388 1937 450 1961 tam
464 1937 574 1970 magno
586 1928 647 1958 viro
658 1927 695 1958 de
716 1939 800 1959 emus
813 1928 819 1958 !
844 1927 880 1958 Β.
918 1928 970 1958 Te-

218 1975 323 2016 lephus
354 1982 482 2016 pauper,
518 1978 597 2002 certe
633 1971 781 2009 simulate,
810 1971 840 2001 in
868 1971 967 2001 castris

219 2016 348 2049 Achillis
358 2017 453 2047 sanari
466 2014 544 2046 illius
558 2012 642 2044 hasta
654 2015 788 2056 cupiens,
800 2025 859 2056 qua
868 2014 971 2044 vulne-

217 2067 297 2090 ratus
312 2067 390 2097 erat3
419 2058 476 2090 ET
491 2058 596 2088 Peleus
609 2059 694 2089 ez’ml
710 2057 876 2098 aliquoties,
891 2062 971 2087 uter-

219 2114 276 2144 que
284 2101 417 2146 projicit,
431 2101 543 2142 abjicit,
558 2099 678 2130 inutiles
693 2102 853 2142 ampullas.
875 2100 917 2130 G.

264 2152 302 2182 97
327 2145 511 2187 AmpuLLas5
534 2143 691 2181 ληκύθους,
713 2143 849 2174 bombos.
891 2141 970 2173 Vide

219 2187 317 2230 Epist.
335 2195 363 2219 1.
379 2194 409 2219 3.
421 2190 477 2218 14.
499 2187 591 2225 Regio
606 2187 708 2217 habitu
723 2191 856 2217 mutato:
878 2196 970 2226 neque

218 2232 297 2262 enim
312 2232 390 2262 debet
409 2232 442 2261 in
465 2230 573 2261 humili
597 2230 699 2260 habitu
721 2230 858 2270 regaliter
880 2229 970 2270 Loqui.

219 2273 289 2305 Vet.
305 2272 408 2305 Schol.

263 2324 302 2350 98
325 2317 362 2348 Si
381 2321 466 2347 curat
473 2328 487 2354 ,-
510 2316 536 2346 si
554 2316 619 2356 agit
638 2320 682 2347 ut.
704 2313 775 2346 Vet.
791 2313 894 2346 Schol.
938 2313 972 2346 Si

218 2368 326 2402 sperat.

262 2410 303 2437 99
332 2401 458 2434 Nonum
485 2400 691 2444 Praeceptum:
735 2400 970 2432 Admiscendum

217 2457 280 2477 esse
294 2444 416 2482 Pathos.

261 2490 415 2528 Pulchra3
437 2488 524 2519 docte
540 2488 715 2529 composita,
730 2486 811 2528 quod
835 2485 972 2519 OEcono-

219 2532 311 2563 miam
323 2533 441 2570 attinet,
455 2531 535 2573 quod
546 2530 693 2562 hactenus
707 2529 871 2561 docuimus.
915 2529 974 2560 Pro

213 2576 346 2618 pulchra
360 2574 515 2606 Bentleius
529 2574 630 2617 posuit
685 2584 735 2615 ra²
743 2573 823 2614 quod
837 2579 883 2603 est
894 2573 973 2604 civili

221 2618 288 2648 stilo
315 2628 381 2649 com
436 2619 504 2655 ita;'
519 2625 607 2658 atque
632 2582 692 2647 libne
717 2626 836 2658 quoque
857 2616 894 2646 de
919 2627 974 2648 suo

219 2661 353 2702 protulit,
417 2662 516 2692 inei-va
542 2660 642 2691 invita.
664 2658 703 2690 B.
746 2660 890 2697 Pulchra,
905 2671 974 2700 quae

244 2703 340 2735 lacent
363 2711 444 2734 recto
463 2704 588 2745 judicio,
611 2709 689 2733 certe
713 2703 818 2734 vitium
833 2713 894 2733 non
918 2701 972 2733 ha-

221 2715 314 2776 Eent:
338 2748 449 2784 dulcia,
479 2758 548 2788 quae
576 2745 709 2776 afficiunt
737 2746 880 2777 animum.
924 2744 972 2776 Ita

221 2787 342 2819 Formas
358 2789 442 2820 nobis
463 2797 582 2820 nan-ant
597 2788 726 2831 ἔξωτικοὶ
746 2787 885 2820 homines
900 2788 972 2819 alias

218 2833 411 2873 pulchriore&
436 2832 661 2863 admirationem
687 2832 781 2863 solam
806 2840 972 2870 moventes,

223 2875 365 2905 dulciores
380 2875 461 2913 alias,
476 2876 655 2917 imperantes
669 2885 811 2905 amorem.
856 2874 973 2906 Gallice

221 2915 382 2947 vdicendum
398 2924 453 2955 est,
467 2926 502 2949 ut
516 2919 606 2949 etiam
622 2918 692 2949 belli
706 2917 844 2949 homines
866 2918 975 2949 intelli-

223 2963 307 2999 gant,
331 2960 378 2989 La
392 2960 507 2991 Beaute
523 2966 564 2992 est
581 2970 659 3003 pour
678 2962 815 3005 l’Esprit,
841 2963 872 2993 la
890 2962 975 2993 Dou-

222 3011 291 3041 mr
300 3007 347 3034 est
355 3011 435 3045 pour
449 3005 475 3035 le
490 3003 590 3036 Coeur.
613 3004 652 3035 G.

711 1662 766 1687 101
787 1654 883 1684 adsint
894 1653 932 1684 Z.
948 1654 982 1684 it.
997 1654 1071 1685 MS.
1089 1654 1215 1685 Helmst.
1231 1654 1341 1685 adflant
1357 1654 1483 1686 Marc-il.
1505 1666 1541 1687 ex
1561 1655 1635 1687 MS.
1651 1655 1765 1687 adflent

1624 1705 1681 1731 105
1698 1699 1764 1746 Aut

1053 1840 1167 1872 Dulcia
1175 1854 1188 1880 ,-
1210 1840 1374 1880 Pathetica,
1388 1841 1542 1873 affectibus
1557 1841 1741 1884 imperantia.

1011 1925 1040 1957 V
1053 1883 1187 1957 Sugtcilei
1201 1889 1312 1926 agunto
1322 1898 1335 1924 ;
1358 1896 1438 1916 nunc
1452 1886 1536 1926 quasi
1546 1885 1655 1925 Legem
1667 1886 1764 1928 ponit.

1041 1933 1081 1957 et.
1120 1938 1136 1957 c
1158 1938 1178 1958 o
1190 1950 1198 1958 .

1057 1976 1114 2001 101
1144 1970 1287 2007 Adsunt‚·
1304 1975 1418 2012 praesto
1440 1975 1522 2008 sunt,
1542 1971 1616 2011 quia
1626 1971 1711 2013 flent
1736 1976 1766 2002 et

1012 2013 1080 2055 ipsi.
1102 2011 1172 2043 Vet.
1188 2011 1290 2043 Schol.
1332 2012 1421 2044 Fabri
1445 2014 1559 2056 adflent
1580 2013 1686 2044 inutile
1708 2021 1766 2052 est,

1013 2065 1044 2086 et
1058 2054 1223 2086 Cacozelon
1234 2056 1319 2097 sapit.
1361 2055 1502 2089 Demiror
1516 2056 1638 2087 verbum
1652 2057 1765 2100 adflent

1013 2099 1045 2129 in
1060 2099 1116 2129 isto
1133 2109 1218 2130 versu
1234 2099 1362 2141 potuisse
1385 2099 1501 2141 placere
1513 2098 1665 2137 Bentleio,
1680 2106 1766 2130 tanto

1012 2142 1082 2172 viro.
1116 2141 1204 2172 Certe
1215 2143 1310 2183 magis
1323 2141 1381 2172 hoc
1395 2142 1542 2173 decuisset
1554 2141 1765 2184 Tanaquillum

1012 2184 1152 2223 Fabrum,
1165 2193 1315 2216 auctorem
1325 2184 1376 2226 huj
1381 2196 1414 2215 us
1428 2186 1600 2216 commenti.
1621 2185 1767 2217 Immuta-

1012 2229 1055 2258 vit
1068 2229 1156 2258 etiam
1171 2229 1279 2269 equites
1289 2229 1456 2271 peditesque
1474 2229 1514 2269 [v.
1533 2235 1547 2258 1
1556 2229 1618 2270 13.]
1638 2229 1670 2259 in
1683 2230 1766 2269 equi.-

1015 2276 1113 2312 tesque
1124 2275 1281 2313 patresque
1301 2271 1338 2302 de
1353 2282 1407 2302 suo
1433 2271 1565 2313 ingersm,
1582 2281 1642 2312 quo
1663 2282 1766 2303 sensus

1015 2314 1098 2345 fieret
1124 2314 1353 2356 improbabilior.
1396 2313 1475 2348 Quis
1500 2315 1595 2345 nescit
1609 2313 1767 2346 Senatores

1011 2356 1164 2388 Romanos
1189 2367 1250 2388 non
1276 2358 1376 2388 solitos
1397 2357 1488 2388 fuisse
1511 2358 1677 2388 immiscere
1702 2368 1766 2389 sese

1011 2398 1152 2438 Plebeiis,
1163 2402 1326 2442 praesertim
1341 2410 1410 2431 vero
1429 2401 1461 2431 in
1474 2399 1568 2431 Ludis
1583 2399 1717 2432 Scenicis
1736 2407 1768 2432 et

1011 2442 1149 2474 Theanis
1159 2444 1172 2474 ?

1058 2492 1118 2518 102
1146 2486 1283 2517 Humani
1304 2488 1407 2518 vultus
1414 2498 1428 2525 ‚·
1449 2486 1588 2528 cogitavit
1602 2486 1639 2516 de
1652 2485 1767 2518 ‘rerem

1014 2529 1097 2560 tiano
1113 2529 1183 2560 illo:
1228 2530 1326 2561 Homo
1343 2541 1422 2568 sum,
1439 2529 1565 2560 humani
1579 2530 1656 2561 nihil
1677 2540 1698 2561 a
1719 2540 1767 2560 me

1015 2574 1148 2604 alienum
1158 2577 1243 2615 puto.

1057 2616 1094 2647 Si
1109 2617 1155 2647 vis
1165 2626 1212 2646 me
1214 2616 1296 2659 flere
1306 2627 1320 2653 ‚·
1343 2615 1408 2646 Hoc
1424 2626 1460 2647 ew
1476 2615 1671 2646 Demosthene
1684 2625 1767 2646 sum-

1016 2663 1080 2690 tum
1091 2664 1144 2696 est,
1156 2670 1176 2689 a
1186 2669 1243 2699 quo
1254 2669 1322 2688 cum
1331 2667 1448 2701 pauper
1450 2660 1633 2701 flagellatus
1643 2668 1766 2689 causam

1014 2713 1101 2733 suam
1124 2701 1242 2742 defendi
1262 2703 1358 2738 veltet,
1383 2702 1409 2732 ei
1433 2701 1605 2742 confidenter
1627 2701 1767 2731 narranti

1014 2746 1125 2776 credere
1153 2745 1261 2782 noluit,
1290 2745 1378 2775 dome
1402 2745 1495 2787 fleret
1523 2743 1571 2774 ira
1601 2748 1765 2784 permotus.

1014 2786 1085 2819 Vet.
1099 2786 1202 2819 Schol.
1216 2787 1308 2829 Cruq.

1060 2837 1119 2862 103
1137 2831 1262 2861 Laedent
1269 2843 1283 2869 ;
1305 2835 1439 2871 tangent,
1451 2835 1482 2859 et
1496 2838 1549 2869 per
1563 2826 1622 2858 hoc
1633 2827 1767 2865 flectent,

1063 2880 1123 2905 104
1147 2874 1234 2905 Male
1247 2874 1411 2910 mandata;
1434 2881 1567 2912 personae
1586 2877 1645 2901 tuae
1660 2882 1766 2913 pamm

1017 2917 1231 2948 convenientia.
1263 2915 1427 2952 Mandata,
1441 2913 1497 2944 tibi
1510 2924 1529 2944 a
1544 2911 1694 2955 Scriptore
1707 2922 1766 2946 tra,

1017 2960 1088 2991 dita.
1109 2958 1203 2990 Jason
1216 2959 1253 2989 de
1267 2957 1376 2988 Nores.
1759 2988 1761 2990 ¹

1063 3009 1076 3033 1
1086 3009 1124 3035 10
1139 3001 1266 3033 Deducit
1273 3012 1287 3040 ,·
1302 2998 1484 3043 Metaphora
1493 3010 1511 3038 a
1520 3000 1606 3032 ramis
1617 2998 1766 3041 arborum.
