1924 3458
569 258 1043 338 EPISTOLARUM
1076 296 1187 339 L113.
1218 295 1273 339 II.
1319 304 1351 339 l.

1639 302 1719 339 585

383 405 441 448 Ut
458 405 589 448 studio
607 405 757 462 majore
775 414 915 462 petant
933 407 1136 450 Helicona
1154 408 1364 450 virentem.

382 477 518 519 Multa
537 478 701 534 quidem
720 479 835 520 nobis
854 478 1023 520 facimus
1038 476 1148 527 mala
1164 494 1270 536 saepe
1287 481 1442 533 Poetae,

243 554 328 590 220

388 551 462 606 (Ut
481 552 614 596 vineta
633 563 795 610 egomet
813 556 967 597 caedam
987 557 1093 610 mea)
1117 571 1212 598 cum
1231 557 1306 598 tibi
1324 557 1472 599 librum

382 623 552 667 Solicito
570 626 723 680 damus,
743 635 813 669 aut
831 629 958 681 fesso;
990 643 1085 670 cum
1105 628 1304 682 laedimur,
1327 639 1464 676 unum}

382 695 427 738 Si
447 698 534 753 quis
553 699 774 742 amicorum
796 708 856 743 est
873 715 989 743 ausus
1008 702 1244 757 reprendere
1263 716 1421 743 versum
1433 677 1466 754 3s

354 759 359 767 ¹
382 768 487 811 Cum
508 772 598 812 loca
609 771 696 828 jam
713 773 878 815 recitata
896 774 1133 815 revolvimus
1152 774 1384 826 irrevocati3

383 841 489 884 Cum
508 846 792 898 lamentamur,
814 861 896 888 non
912 860 1101 902 apparere
1120 847 1273 888 labores

243 921 326 957 225

383 916 563 970 Nostros,
582 925 623 959 et
641 919 754 960 tenui
773 919 945 961 deducta
962 924 1155 974 poemata
1172 919 1254 970 filo,

382 989 488 1031 Cum
508 1005 712 1045 speramus
731 1005 780 1032 eo
797 1005 884 1032 rem
904 999 1125 1042 venturam,
1145 998 1203 1044 ut,
1226 991 1346 1033 simul
1365 999 1484 1049 atque

386 1061 576 1104 Carmina
595 1063 772 1104 rescieris
792 1077 863 1104 nos
882 1062 1046 1118 fingere,
1070 1065 1306 1105 commodus
1324 1067 1431 1108 ultro

381 1136 580 1188 Arcessas,
599 1144 640 1177 et
658 1150 775 1191 egere
794 1143 914 1188 veteS,
938 1144 978 1177 et
996 1136 1166 1177 scribere
1186 1151 1317 1192 cogas,
1360 1130 1372 1134 ”

387 1207 469 1249 Sed
488 1216 626 1249 tamen
645 1216 705 1250 est
722 1223 836 1264 opeae
854 1209 1028 1264 pretium
1048 1223 1301 1264 cognoscere,
1324 1212 1460 1267 quales

247 1284 330 1321 230

386 1280 572 1322 AEdituos
590 1281 738 1322 habeat
756 1281 853 1322 belli
872 1288 1048 1336 spectata
1067 1282 1258 1337 domique
1288 1312 1291 1314 -

382 1353 530 1405 Virtus,
550 1353 718 1409 indigno
736 1369 819 1396 non
839 1354 1131 1396 committenda
1147 1360 1299 1410 poetae.

385 1425 531 1467 Gratus
550 1426 780 1468 Alexandro
799 1427 884 1482 regi
905 1426 1062 1482 Magno
1082 1427 1158 1468 fuit
1176 1427 1245 1468 ille

386 1497 603 1551 choerilus,
626 1497 788 1540 incultis
809 1499 879 1554 qui
897 1499 1072 1541 versibus
1092 1507 1133 1540 et
1151 1501 1257 1541 male
1277 1500 1380 1541 natis

388 1569 562 1615 Rettulit
580 1565 780 1626 acceptos,
800 1573 933 1626 regale
949 1571 1161 1623 nomisma,
1180 1570 1400 1627 Philippos,

245 1648 328 1685 235

388 1643 470 1684 Sed
487 1643 612 1684 veluti
630 1650 798 1685 tractata
816 1651 954 1686 notam
974 1645 1187 1700 labemque
1206 1644 1416 1690 remittunt

301 1781 363 1808 229
386 1774 445 1805 Hic
464 1774 554 1805 inseri
574 1776 639 1806 vult
653 1775 715 1806 Da.
731 1775 871 1806 Heinsius
892 1776 1108 1848 υὲνειιῖῢξρίει.
1131 1782 1161 1806 2.
1177 1780 1213 1812 87
1225 1792 1269 1799 —-
1281 1781 1350 1806 140.
1371 1779 1446 1806 recte
1465 1775 1611 1815 refutatus
1630 1786 1650 1806 a

934 1823 979 1848 ent
1036 1841 1046 1851 .

259 1921 323 1946 220
348 1915 388 1946 Ut
402 1915 500 1946 vineta
519 1921 627 1956 egomet
641 1918 752 1949 caedam
771 1929 836 1950 mea
845 1930 858 1956 ;
881 1919 954 1948 Pro-

217 1957 348 1988 verhium
362 1958 394 1987 in
408 1967 453 1987 eos
486 1959 518 1987 ui
532 1959 587 1989 sil-i
599 1961 724 1990 volentes
737 1966 847 1991 nocent.
883 1959 953 1991 Vet.

219 1997 320 2029 Schol.
334 1997 426 2039 Cruq.
509 2001 597 2041 tyrice
622 1999 687 2031 haec
708 2003 740 2031 in
760 2013 790 2032 se
814 2010 901 2042 atque
923 2003 954 2032 in

217 2040 386 2082 Augustum
398 2051 405 2070 :
430 2051 496 2070 nam
523 2050 584 2072 erat
612 2042 764 2084 Augustus
795 2044 958 2074 morosulus

219 2090 331 2155 {utura-
353 2082 391 2114 B.
426 2081 537 2114 Sensus
550 2090 610 2114 est:
632 2093 666 2114 ut
680 2093 728 2116 me
742 2086 803 2127 ipse
814 2096 958 2116 accusem.

262 2171 323 2197 228
347 2167 546 2204 Revolvimus,
557 2174 587 2197 et
598 2178 650 2209 per
663 2167 720 2199 hoc
734 2169 900 2210 relegimus.

264 2209 420 2239 Irrevocati
427 2221 441 2246 ;
457 2209 508 2239 ubi
524 2220 612 2239 nemo
620 2210 706 2249 jubet
726 2219 759 2241 ut
769 2211 955 2241 revolvamus.

218 2249 292 2281 Tres
305 2258 404 2280 autem
424 2249 570 2281 Torrentii
583 2251 706 2282 Codices
727 2253 862 2293 legerunt
880 2254 957 2283 Inre-

220 2293 326 2330 vocati,
337 2302 371 2322 ut
391 2303 476 2333 supra
494 2294 690 2331 inrevocabile,
704 2295 781 2335 quod
802 2296 958 2336 antiquita-

220 2342 282 2364 tem
297 2335 380 2376 sapit.
402 2333 440 2364 B.
482 2333 563 2365 Mihi
575 2335 624 2365 illa
631 2335 837 2378 orthographia
846 2338 959 2368 videtur

221 2387 322 2417 sapere
350 2387 475 2407 acumen
499 2376 764 2408 Grammaticorum
793 2379 893 2409 saeculi
914 2389 958 2408 se-

221 2419 340 2459 quioris,
367 2427 431 2460 post
453 2417 687 2453 Quinctilianum
702 2428 790 2451 certe.
814 2421 958 2451 Reuocare

221 2461 365 2502 significat
376 2460 478 2500 jubere
492 2468 526 2490 ut
539 2461 637 2491 denuo
651 2461 774 2503 leg-ntur,
788 2463 958 2503 pronuntie-

219 2510 276 2540 tur,
291 2502 371 2544 quod
380 2503 442 2543 jam
458 2503 566 2533 lectum
578 2504 803 2545 pronunciatum
818 2511 871 2534 est.
914 2504 955 2535 G.

219 2544 309 2586 vulg.
321 2552 355 2575 et
364 2545 515 2575 meliorem
527 2546 697 2586 scripturam
712 2546 835 2576 restitui.
857 2544 956 2576 Caete—

219 2598 284 2617 rum
299 2588 452 2618 irrevocati
465 2594 510 2617 est
529 2598 588 2618 nou
597 2588 682 2628 jussi,
702 2589 785 2628 quasi
803 2587 876 2621 alter
897 2588 957 2618 ele-

259 2630 350 2659 ntiam
370 2629 426 2659 loci
441 2630 537 2659 minus
551 2630 668 2667 sentiat,
683 2630 769 2659 stulte
784 2637 814 2660 et
828 2640 896 2660 cum
911 2629 957 2661 of-

219 2640 356 2702 {lusione
370 2672 527 2712 repetimus
542 2671 604 2701 loca
613 2671 674 2710 jam
689 2672 817 2701 recitata.
839 2670 878 2702 Z.

265 2720 326 2744 224
350 2714 509 2755 Apparere,
525 2714 661 2754 cognosci
685 2721 715 2744 et
736 2712 871 2744 honorari
892 2719 961 2755 poe-

223 2764 302 2786 mata
311 2762 394 2785 tanto
409 2766 476 2785 cum
491 2756 588 2786 studio
597 2755 743 2786 elaborata
757 2763 787 2785 et
801 2763 883 2786 tanta
893 2767 961 2787 cum

221 2805 283 2828 arte
294 2809 318 2828 s.
329 2797 482 2828 subtiliter.
505 2797 542 2828 Z.

264 2845 324 2875 227
353 2840 548 2877 Commodus;
571 2840 674 2876 comis,
688 2840 791 2870 suavis.

267 2882 364 2919 Ultro,
374 2892 434 2912 non
450 2889 600 2923 expectata
614 2881 875 2912 commendatione.

266 2930 326 2954 228
348 2924 507 2962 Arcessas3
527 2924 694 2955 Secundum
707 2924 893 2954 Pn‘sa‘anum
909 2933 959 2954 ar-

223 2975 297 2996 cesso
311 2966 390 2997 venit
409 2967 447 2997 ab
461 2966 551 3005 arcio,
569 2967 645 3007 quod
665 2976 743 2996 nunc
764 2966 887 2996 dicimus
906 2966 959 2996 acl—

995 1918 1059 1956 ci0;
1080 1918 1151 1957 quia
1165 1917 1279 1957 antiqui
1298 1918 1428 1949 dicebant
1441 1929 1476 1949 ar
1494 1926 1550 1960 pro
1570 1919 1621 1949 ad.
1661 1915 1731 1947 Vet.

996 1958 1141 1990 Scholior.
1166 1959 1355 2000 Compilator.
1462 1997 1465 2000 ἱ

1039 2008 1100 2034 229
1133 2001 1193 2032 Sed
1220 2006 1329 2038 tamen,
1359 2000 1559 2032 nihilominus.
1600 2001 1680 2032 Bene
1706 2005 1733 2031 et

999 2044 1142 2074 subtiliter
1162 2043 1255 2083 tetigit
1273 2043 1420 2075 Caesarem
1458 2044 1524 2074 uasi
1541 2044 1732 2083 negligentem

1000 2085 1166 2115 Poetarum.
1190 2084 1258 2115 vet.
1273 2083 1419 2115 Schol.ex
1473 2084 1505 2115 S.
1521 2083 1676 2125 Stephani.

1043 2132 1105 2157 230
1125 2127 1270 2163 Εάίιιιοε,
1296 2127 1491 2159 Narrawres:
1520 2127 1636 2157 AEditui
1655 2126 1733 2157 enim

998 2170 1169 2210 templorum
1182 2178 1218 2198 ac
1226 2169 1393 2205 numinum,
1406 2169 1511 2211 quibus
1523 2168 1696 2204 inserviunt,
1707 2172 1735 2198 et
1768 2194 1771 2197 .

997 2220 1145 2240 sacrorum
1173 2210 1314 2249 originem
1335 2211 1455 2240 advenis
1479 2214 1507 2240 et
1531 2209 1732 2249 ignoramilms

997 2257 1131 2282 narrant.
1172 2250 1241 2281 Vet.
1266 2249 1366 2281 Schol.
1418 2251 1534 2285 AEaditui
1557 2251 1628 2281 dicti
1655 2251 1736 2291 quod

998 2294 1075 2323 oedes
1090 2300 1235 2323 tueantur.
1276 2291 1491 2337 ’Ῑεςομγῆμονας
1503 2300 1576 2335 pum
1587 2291 1658 2331 dici,
1671 2303 1735 2323 ma-

998 2337 1043 2377 gis
1054 2345 1141 2375 quam
1152 2334 1305 2377 Νεοκὸξους.

1041 2384 1100 2408 231
1128 2377 1278 2408 Virtutem
1300 2387 1353 2418 per
1373 2375 1612 2419 Prosopopoeiam
1635 2376 1735 2419 posuit

998 2429 1052 2461 pro
1066 2420 1129 2460 ipso
1142 2418 1289 2460 Augusto.

1041 2466 1100 2492 233
1125 2461 1248 2492 Ine-altis
1271 2465 1299 2491 et
1324 2462 1401 2491 male
1428 2461 1524 2499 nati-35
1545 2470 1636 2500 neque
1658 2465 1734 2498 arte,

997 2514 1090 2575 ἒιὲίῖιει
1107 2507 1217 2534 natura
1241 2503 1421 2544 compo-suin
1443 2507 1470 2534 et
1485 2503 1559 2533 deest
1572 2502 1642 2534 Pro.
1662 2502 1733 2534 Vet.

1060 2555 1079 2575 o
1092 2567 1100 2575 .

1040 2592 1101 2617 284
1123 2586 1204 2617 Mire
1217 2586 1330 2617 Retulit
1354 2596 1390 2616 ac
1521 2589 1663 2626 turmulam
1689 2587 1735 2618 di-

998 2633 1070 2659 ceret
1091 2629 1217 2668 legitime
1237 2628 1376 2659 vendidit.
1435 2636 1475 2659 et.
1497 2625 1599 2659 Schol.
1640 2626 1734 2667 Nam,

1002 2678 1135 2743 acclgpzff
1157 2680 1292 2732 nummos
1307 2670 1338 2700 in
1350 2670 1480 2742 codicem
1494 2669 1621 2742 'gumtis
1643 2711 1720 2743 veni

1003 2755 1056 2785 bus
1077 2721 1219 2794 επιῑέῑξίοοζ,
1228 2720 1507 2795 Ρῖιὲἷιῗῧε.ΡζΙέιῐ
1527 2722 1629 2784 {lgglxoh
1669 2753 1736 2784 Au·
1769 2747 1774 2750 ”

1003 2806 1067 2827 reos
1091 2796 1209 2826 scilicet.
1251 2794 1293 2826 Et
1316 2795 1420 2836 optimi
1443 2794 1568 2827 Codices
1594 2804 1648 2837 pm
1669 2795 1736 2827 Nu-

1000 2839 1107 2875 misma
1134 2836 1248 2868 habent
1280 2837 1458 2877 Nmnisnm5
1491 2837 1571 2880 quod
1604 2845 1635 2868 et
1666 2834 1736 2870 Ve't.

1000 2878 1102 2911 Schol.
1118 2880 1255 2920 sequitur.
1276 2878 1314 2910 B.

1043 2927 1103 2953 235
1134 2921 1193 2952 Sed
1220 2921 1318 2952 minus
1352 2920 1509 2963 prudenter
1540 2919 1610 2951 fecit
1644 2920 1734 2953 Alex-

999 2963 1103 3002 ander;
1117 2965 1206 3005 (quin,
1229 2963 1474 3004 quemadmodum
1487 2970 1648 2995 atramenta
1671 2973 1734 2994 ma·

1439 2591 1492 2623 tos,
