1924 3458
213 355 297 394 580

383 468 593 511 Abstinuit
610 469 770 512 Venere
790 477 831 512 et
848 470 956 513 vino.

628 353 682 399 Q.
717 322 1006 397 HORATH
1039 354 1279 399 FLACCI
1342 323 1346 326 ”

1015 471 1087 527 qui
1104 469 1251 527 Pythia
1270 478 1406 513 cantat

239 548 324 585 415
383 541 572 595 Tibicen,
593 530 879 601 didicit-prius,
899 545 1171 602 extimuitque
1188 545 1441 601 magistrum,

381 616 475 660 Nec
494 617 588 659 satis
608 626 668 660 est
687 618 847 673 dixisse,
874 622 905 644 “
924 619 1018 675 Ego
1038 619 1142 676 mira
1159 623 1355 675 poemata
1372 633 1533 676 pango:

384 696 412 718 “
441 693 632 750 Occupet
650 699 880 735 extremum
899 693 1075 746 scabies3
1108 692 1213 734 mihi
1231 700 1349 750 turpe
1369 692 1545 751 relinqui
1565 699 1637 743 est,

388 769 419 792 “
447 766 518 819 Et,
543 766 653 822 quod
672 765 915 818 nondidici,
938 780 1035 806 sane
1055 766 1211 807 nescire
1231 766 1388 808 fateri.”

385 839 446 882 Ut
464 854 623 896 praeco,
636 839 688 880 ad
707 852 862 880 merces
877 839 1039 880 turbam
1061 837 1132 894 qui
1151 830 1263 893 cogit
1281 840 1488 892 emendas,

242 920 329 957 420

386 915 663 956 Assentatores
675 911 793 968 jubet
812 912 865 953 ad
882 913 1044 953 lucrum
1065 911 1123 953 ire
1142 916 1269 967 poeta

383 987 511 1030 Dives
531 985 650 1041 agris,
670 985 779 1028 dives
798 984 939 1041 positis
954 984 999 1026 in
1018 986 1176 1027 foenore
1195 986 1391 1029 nummis.

358 1056 363 1061 ⁴
386 1060 432 1103 Si
452 1075 546 1102 vero
565 1067 640 1113 est,
663 1066 836 1101 unctum
854 1059 924 1116 qui
939 1066 1048 1100 recte
1067 1073 1219 1115 ponere
1238 1060 1377 1116 possit,

383 1135 442 1177 Et
460 1134 658 1191 spondere
677 1133 757 1175 levi
776 1147 851 1190 pro
869 1147 1061 1189 paupere,
1081 1140 1123 1175 et
1142 1133 1297 1190 eripere
1315 1134 1411 1177 atris

384 1211 546 1254 Litibus
563 1211 827 1268 implicitum,
846 1211 1023 1254 mirabor
1037 1211 1071 1254 si
1091 1211 1192 1254 sciet
1211 1211 1338 1255 inter-

244 1292 325 1329 425

385 1286 566 1328 Noscere
586 1286 831 1328 mendacem
852 1299 1074 1343 verumque
1092 1287 1234 1328 beatus
1251 1286 1446 1330 amicum.

383 1360 451 1402 Tu
470 1375 541 1402 seu
561 1360 739 1414 doneris,
759 1375 831 1402 seu
847 1359 946 1417 quid
966 1361 1117 1403 donare
1136 1362 1247 1403 voles
1267 1360 1350 1415 cui,

384 1433 529 1477 Nolito
547 1435 600 1477 ad
618 1449 754 1477 ve1sus
772 1434 849 1477 tibi
868 1435 996 1477 factos
1015 1435 1165 1477 ducere
1182 1436 1355 1491 plenum

389 1508 569 1552 Laetitiae
584 1525 597 1562 3
628 1509 823 1552 clamabit
839 1509 967 1563 enim,

991 1509 1203 1552 Pulchre!
1236 1510 1367 1553 bene!
1398 1515 1504 1551 recte
1518 1511 1536 1552 !

386 1582 587 1625 Pallescet
605 1597 725 1639 super
739 1583 829 1636 his3
860 1582 984 1625 etiam
1002 1582 1174 1625 stillabit
1191 1583 1336 1626 amicis

244 1662 329 1701 430

387 1657 456 1700 Ex
475 1657 603 1699 oculis
619 1671 778 1709 rorem3
809 1656 937 1709 saliet,
960 1655 1106 1698 tundet
1124 1656 1228 1711 pede
1247 1664 1410 1700 terram.

387 1731 448 1773 Ut
467 1730 538 1788 qui
553 1729 747 1772 conducti
764 1731 925 1787 plorant
945 1730 988 1772 in
1004 1731 1159 1783 funere,
1175 1729 1320 1772 dieunt

259 1869 322 1897 414
343 1863 422 1897 Ven.
438 1872 469 1897 et
483 1863 605 1897 Baccho
623 1865 697 1898 MS.
712 1865 789 1897 Ach.
803 1864 883 1897 Stat.

979 1869 1042 1896 416
1064 1863 1139 1896 Non
1151 1865 1186 1897 S.
1272 1869 1335 1897 426
1357 1863 1429 1896 velis
1450 1865 1526 1897 MS.
1539 1865 1615 1897 Ach.
1636 1865 1714 1898 Stat.

843 1914 883 1940 43
890 1915 903 1939 1
929 1908 1042 1951 plorare
1054 1908 1130 1940 Sax.

219 2009 375 2054 Certamen
396 2010 626 2049 instruebantur,
647 2020 707 2041 non
720 2011 839 2042 edebant
862 2020 963 2042 carnes

216 2053 322 2091 elixas,
337 2053 387 2083 sed
400 2063 483 2083 assas
497 2053 562 2093 igni
584 2057 711 2084 tantum.
754 2054 835 2084 Ante
849 2054 965 2096 Pytha-

214 2096 398 2137 goramficis
411 2097 569 2127 utebamur
583 2096 710 2127 Athletae
718 2108 732 2134 ,-
746 2098 797 2128 sed
810 2098 861 2127 ille
871 2106 966 2139 panes

214 2137 376 2182 Ἀζύμους
383 2143 410 2169 et
427 2149 510 2169 assas
524 2149 625 2170 rames
638 2150 685 2170 eos
700 2141 842 2171 conwdere
857 2140 965 2177 docuit,

217 2193 286 2223 quae
300 2180 435 2225 Κωλίφια
453 2183 635 2214 vocabantur
646 2195 657 2213 .-
679 2183 862 2214 ahstz'naebant
875 2182 900 2213 ἆ
912 2183 970 2219 1784
990 2198 994 2201 ’

217 2225 296 2263 nere,
310 2230 339 2256 et
351 2224 478 2265 neforte
499 2233 556 2267 per
569 2226 718 2256 somnium
732 2231 819 2256 noctu
832 2220 969 2268 ludificat

216 2273 333 2306 rentur,
360 2269 489 2299 laminas
509 2269 667 2310 plumbeas
690 2269 808 2300 renibus
821 2261 968 2314 appendef

215 2312 300 2341 hant.
322 2310 392 2342 Vet.
408 2309 512 2341 Schol„
526 2310 619 2353 Cruq.

260 2353 362 2393 Ala-2²,-
387 2353 533 2396 Gymm'ci
546 2365 635 2386 more.
656 2352 728 2385 Vet.
742 2352 845 2385 Schol.
858 2353 951 2395 Cruq.

259 2403 324 2428 414
348 2397 409 2428 Qui
424 2396 538 2438 Pythia
552 2402 676 2436 cantat3
699 2398 758 2428 His
783 2408 896 2438 quoque
920 2399 968 2428 lu-

217 2439 263 2470 dis
278 2445 362 2471 erant
384 2444 412 2471 et
434 2440 599 2481 Pythauzae
624 2440 676 2482 qui
696 2441 811 2483 Pythia
832 2444 969 2472 cantave-

217 2487 299 2514 runt.
351 2481 502 2526 Hyginm,
530 2484 641 2514 citante
669 2482 822 2515 Turnebo.
875 2481 969 2518 Quod

218 2536 328 2557 munus
341 2525 456 2556 videtur
469 2525 560 2557 fuisse
571 2537 686 2557 summe
701 2526 829 2557 difficile.
865 2526 970 2558 Αὖλιῖν

218 2567 248 2600 3}
273 2568 416 2605 Πυθικοῖς
439 2569 540 2604 αὐλοῖς
565 2569 670 2606 πένθος
692 2568 837 2611 σημαίνει.
880 2569 970 2600 Arte—

219 2611 361 2644 midorus.
430 2612 469 2653 [ψ
499 2613 615 2655 Pythia
641 2613 714 2644 olim
745 2613 804 2644 fuit
832 2610 971 2643 citharoe-

219 2654 319 2685 dicum
339 2661 458 2686 tantum
483 2663 644 2694 certamen,
673 2657 725 2687 ubi
750 2655 905 2687 citharoedi
932 2655 970 2686 de

218 2697 306 2781 Ιαυὰῖ
322 2699 458 2730 cai-minis
472 2699 639 2737 certabam
654 2709 716 2741 quo
729 2699 858 2742 respexit
870 2697 969 2729 Hora-

220 2741 289 2771 tius.
534 2767 537 2769 .

263 2787 326 2814 416
359 2782 455 2815 Recte
482 2783 638 2816 Bentleius
672 2786 736 2817 Nec
769 2795 825 2828 pro
854 2786 968 2824 Nunc,-

222 2835 320 2866 neque
334 2827 435 2866 scitur,
447 2837 537 2870 quem
551 2828 659 2870 pulsnt.
838 2849 840 2852 r

265 2869 335 2908 Ego
355 2871 434 2901 mira
451 2876 593 2913 poemata
613 2880 715 2914 pango
725 2882 739 2909 ;
760 2869 848 2901 verba
872 2871 970 2912 cujus·

221 2909 291 2941 dam
305 2912 406 2943 insulsi
420 2911 575 2945 Poetastri.

266 2958 326 2989 417
351 2955 483 2998 Occupet
504 2961 668 2987 extremum
691 2955 820 2993 εεαῦἰεες
849 2954 972 2987 Prover-

222 2994 307 3026 bium
330 2996 367 3027 de
390 2999 496 3038 puerili
517 2999 586 3030 lusu
604 3005 749 3030 tractum:
778 2995 859 3040 35⁰1:
889 2999 972 3034 take

222 3036 282 3112 {Ibe
296 3038 482 3090 binumozt.
526 3041 627 3084 Atque
649 3040 725 3075 haec'
737 3041 775 3073 de
790 3052 845 3073 suo
866 3040 973 3085 adjecit

258 3089 376 3115 oratius.

1049 2009 1134 2040 Mihi
1156 2013 1241 2051 turpe
1265 2010 1394 2049 relinqui
1416 2015 1458 2040 est
1465 2021 1479 2049 ,·
1514 2008 1548 2041 h.
1574 2021 1602 2041 e.
1623 2008 1757 2043 Priorem

1007 2052 1069 2094 pati
1084 2062 1217 2093 nequeo,
1242 2063 1311 2083 nam
1325 2051 1400 2082 illud
1414 2063 1463 2084 me
1482 2053 1639 2096 indignum
1653 2060 1736 2096 puto.

1051 2102 1113 2126 418
1136 2095 1227 2132 Sane,
1244 2095 1384 2137 ingenue.

1051 2144 1116 2169 420
1140 2138 1197 2176 Ire,
1210 2138 1319 2168 venire.

1051 2187 1113 2212 422
1141 2181 1270 2212 Unctum
1284 2181 1422 2223 Satyrice
1440 2181 1541 2224 posuit
1553 2189 1609 2223 pro
1621 2183 1760 2225 pulmen-

1010 2225 1122 2255 tarium
1147 2225 1215 2255 hene
1236 2228 1359 2255 coctum.
1381 2222 1451 2255 Vet.
1465 2222 1569 2256 Schol.
1592 2222 1631 2256 Β.
1663 2223 1760 2257 4Μὶὶιὶ

1052 2267 1109 2297 tius
1122 2266 1274 2298 videbatur
1287 2271 1395 2298 unctus
1410 2266 1548 2310 intelligi,
1561 2267 1615 2308 qui
1624 2278 1640 2298 e
1650 2267 1760 2300 balneo

1021 2317 1088 2340 otus
1101 2317 1133 2340 et
1145 2316 1254 2340 unctus
1267 2309 1305 2340 ad
1316 2320 1432 2340 coenam
1447 2310 1481 2341 it.
1496 2333 1498 2337 s
1510 2309 1600 2345 Conf.
1614 2309 1713 2353 Epist.
1730 2318 1759 2343 1.

1011 2359 1062 2389 17.
1079 2359 1129 2384 12.
1172 2353 1284 2384 Ponere
1297 2353 1339 2383 sic
1354 2351 1445 2383 fuerit
1467 2353 1624 2394 9011οω0,
1640 2364 1759 2385 accum-

1009 2396 1079 2427 bere
1089 2395 1196 2437 jubere
1211 2396 1372 2440 convivam,
1387 2402 1422 2427 ut
1436 2394 1492 2427 Ov.
1507 2395 1574 2428 Art.
1596 2403 1625 2428 1.
1641 2402 1716 2429 231.
1729 2404 1761 2429 et

1010 2439 1053 2470 ibi
1067 2438 1173 2470 Burm.
1195 2438 1236 2470 G.

1053 2482 1140 2513 Recte
1147 2494 1160 2520 ‚·
1182 2481 1321 2513 omnibus
1337 2482 1396 2512 suis
1411 2481 1553 2513 numeris.
1633 2512 1635 2514 .

1053 2530 1114 2556 428
1138 2525 1287 2567 Spondere
1294 2537 1307 2564 ,-
1329 2525 1502 2559 intervenire
1513 2524 1642 2566 etfidem
1655 2524 1760 2563 «licere,

1010 2569 1117 2600 vadem
1121 2568 1205 2610 fieri.
1226 2566 1297 2598 Vet.
1313 2566 1417 2598 Schol.
1623 2579 1626 2582 ⁴

1054 2611 1128 2642 Levi
1135 2623 1148 2650 ,·
1172 2609 1259 2642 Levis
1274 2610 1362 2648 fidei;
1385 2610 1471 2651 cujus
1491 2608 1564 2641 fides
1577 2607 1653 2639 nihil
1667 2606 1761 2640 habet

1010 2654 1149 2697 ponderis
1162 2653 1242 2696 apud
1252 2653 1419 2685 creditores.

1053 2697 1150 2735 Atris,
1175 2696 1319 2735 tristibus,
1343 2696 1422 2728 diris.
1465 2693 1571 2726 Visum
1598 2700 1644 2724 est
1665 2692 1761 2725 Bent-

1012 2740 1070 2772 leio
1085 2750 1228 2783 reponere
1252 2741 1339 2778 artis,
1364 2738 1407 2782 (h.
1417 2750 1446 2773 e.
1471 2738 1574 2774 arctis)
1596 2746 1650 2778 pro
1662 2737 1760 2776 atris,-

1010 2783 1091 2826 quod
1103 2784 1202 2814 minus
1211 2781 1368 2814 Poeticum
1381 2781 1503 2812 videtur.
1758 2811 1762 2817 ¹

1054 2833 1118 2858 424
1141 2826 1338 2869 Implicitam,
1351 2824 1509 2856 irretitum.
1532 2821 1602 2853 vet.
1617 2820 1722 2853 Schol.

1055 2876 1118 2901 425
1138 2870 1266 2907 Beatus,
1280 2869 1333 2910 qui
1347 2867 1404 2898 sibi
1425 2865 1540 2897 videtur
1553 2864 1593 2896 ob
1615 2864 1762 2905 fortuna,

1013 2920 1045 2944 et
1055 2911 1211 2944 Poeticum
1225 2911 1388 2954 ingenium.
1524 2941 1526 2943 ,
1674 2941 1678 2944 ,
1758 2933 1763 2939 .

1056 2962 1120 2989 429
1141 2954 1267 2991 Amicis,
1297 2951 1413 2984 Ironice
1442 2950 1573 2993 protulit.
1603 2949 1643 2982 B.
1696 2950 1764 2982 Aut
1781 2980 1787 2986 ,

1014 3009 1081 3029 vere
1094 2998 1210 3036 amicis,
1222 2998 1285 3028 aut·
1296 3003 1374 3027 certe
1398 2994 1606 3033 sixnulantibus
1615 3004 1763 3031 ,amorem.

1058 3088 1120 3115 431
1147 3082 1188 3115 Ut
1202 3081 1255 3124 qui
1280 3081 1436 3114 maducti:
1458 3079 1608 3113 Lucilium
1629 3080 1762 3112 imitatus
