1950 3626
201 310 275 353 viii
527 310 575 356 J.
619 310 685 355 M.
726 309 1028 357 GESNERI
1067 308 1434 356 PRAEFATlo.

211 439 332 486 bene
347 435 575 502 judicarit
597 438 677 489 vir
705 441 956 491 recondita»
977 439 1266 500 eruditionis,
1294 447 1350 488 ut
1379 437 1512 486 illum
1543 432 1754 499 appellat

209 536 402 571 severus
421 538 591 573 censor
608 524 851 578 Bentleius
874 528 936 577 ad
956 525 1119 578 Carm.
1155 535 1194 577 1.
1223 534 1268 577 3.
1296 531 1377 575 20.
1399 541 1411 583 ;
1438 521 1520 587 qui
1543 517 1667 570 docti
1682 517 1753 565 in·

209 607 437 673 impretis
458 608 664 676 elogium
687 610 755 660 illi
775 628 871 661 non
896 610 1089 669 invidet,
1118 627 1274 675 neque
1295 626 1406 659 eum
1431 601 1750 671 reprehendit,

211 701 270 742 ut¹
289 694 350 743 ad
374 694 475 743 Ser.
499 704 545 746 2.
576 703 621 747 3.
650 703 730 748 28.
758 695 808 745 it.
838 704 883 747 2.
910 705 957 749 4.
984 697 1067 752 67.
1115 732 1118 735 -
1141 694 1206 744 Et
1222 708 1337 743 sane
1353 690 1566 741 eruditus
1590 696 1676 746 est,
1699 702 1755 735 ac

208 778 439 829 doctrinae
466 780 670 830 melioris
689 780 869 845 aliquid
894 780 1029 830 nobis
1049 778 1274 845 impertit,
1308 777 1451 827 etiam
1477 792 1586 824 cum
1612 780 1753 831 errat,

208 873 297 914 aut
320 865 459 915 nimis
483 865 939 935 indulget-ingenim
975 865 1023 914 id
1054 863 1183 930 quod
1224 861 1465 927 praecipue
1492 859 1621 909 circa
1651 857 1754 906 illas

214 948 434 1014 Dilogias
464 950 494 999 i.
531 950 813 1017 Allegorias,
841 959 1090 1014 tantopere
1126 957 1311 997 amatas
1342 946 1457 1006 viro,
1484 942 1757 1009 contingere

210 1034 417 1084 ‘observo
441 1035 504 1084 V.
531 1035 597 1084 G.
627 1035 792 1085 Carm.
823 1045 861 1087 1.
898 1043 969 1086 15.
1004 1043 1053 1083 et
1075 1041 1154 1085 28.
1181 1041 1229 1081 et
1254 1041 1333 1085 34.
1370 1031 1421 1080 it.
1449 1039 1494 1081 2.
1528 1037 1568 1079 1.
1603 1035 1675 1078 11.
1709 1035 1759 1075 et

216 1125 261 1169 3.
290 1126 336 1170 3.
363 1129 413 1169 et
434 1129 483 1172 4.
522 1128 560 1169 1.
587 1128 731 1185 atque
756 1122 803 1171 6.
821 1120 1027 1185 denique
1053 1118 1260 1182 Epodon
1284 1124 1358 1166 13.
1387 1123 1492 1174 123
1517 1114 1565 1162 in
1583 1112 1757 1176 quibus

212 1201 330 1251 locis
375 1219 542 1266 parum
585 1204 772 1253 videtur
813 1220 997 1253 memor
1030 1202 1176 1250 fuisse
1213 1216 1393 1257 eorum,
1435 1213 1543 1261 quae
1581 1195 1761 1244 salubri

217 1286 413 1336 consilio
434 1287 540 1352 ipse
563 1288 748 1337 monuit
770 1288 831 1337 ad
860 1288 972 1337 Car.
1000 1297 1047 1340 4.
1075 1295 1121 1342 7.
1160 1292 1233 1335 10.
1260 1283 1376 1349 (vid.
1402 1278 1652 1342 Addend.)
1674 1279 1759 1329 sed

216 1378 270 1419 ut
303 1370 442 1420 simul
479 1381 694 1421 moneret
723 1373 784 1421 de
817 1371 975 1421 tribus
1004 1370 1133 1420 horis
1162 1387 1198 1418 S.
1233 1367 1344 1418 anni
1381 1365 1758 1431 tempestatibus,

212 1456 343 1519 quod
360 1456 521 1505 nescio
544 1473 604 1505 an
624 1456 803 1506 Latinis
822 1456 968 1506 literis
984 1455 1223 1520 proditum
1243 1453 1314 1503 sit.
1367 1451 1515 1510 Quod
1531 1450 1578 1499 in
1603 1459 1763 1515 poste-

208 1539 340 1588 riore
363 1539 571 1589 editione
589 1556 780 1590 amarus
802 1540 1041 1590 interdum
1067 1539 1250 1588 videtur
1267 1538 1315 1586 in
1337 1537 1618 1596 Bentleium,
1640 1536 1762 1585 forte

207 1625 281 1674 ,ab
310 1623 392 1673 illo
425 1634 717 1675 contemtum
751 1643 802 1675 se
833 1627 1047 1691 putabat,
1077 1623 1193 1690 (vid.
1225 1624 1285 1672 ad
1318 1622 1430 1676 Car.
1463 1632 1511 1675 4.
1554 1630 1625 1674 14.
1663 1619 1763 1683 10.)

217 1708 338 1758 forte
363 1710 658 1759 morosulum
683 1719 901 1760 senectus
925 1710 1118 1770 fecerat,
1145 1709 1269 1758 forte
1292 1723 1352 1756 ne
1376 1706 1638 1756 destinarat
1660 1705 1763 1770 qui·

210 1793 328 1844 dem
346 1794 472 1861 typis
491 1795 663 1855 omnia,
686 1813 793 1860 quae
816 1795 1031 1844 illuserat
1051 1792 1337 1861 marginibus
1355 1792 1462 1840 libri
1485 1791 1571 1840 sui.

290 1876 420 1936 Quae
444 1896 552 1929 cum
577 1880 644 1930 ita
661 1880 770 1940 sint,
799 1879 1084 1931 Baxteriana
1105 1876 1399 1943 exemplaria
1420 1875 1610 1925 Horatii
1636 1893 1775 1925 com-·

220 1949 463 2014 mendare'
479 1965 691 2015 solebam
708 1964 978 2031 junioribus
1002 1961 1187 2023 amicis;
1214 1971 1264 2012 et
1288 1978 1532 2026 nunquam
1555 1961 1679 2010 sorte
1703 1960 1765 2009 de

207 2048 408 2098 -edendo
439 2049 642 2099 Horatio
667 2049 954 2117 cogitaturus
983 2049 1085 2114 ipse
1115 2048 1313 2107 fueram,
1344 2046 1533 2096 illorum
1566 2045 1605 2094 si
1628 2045 1768 2110 copia

212 2131 328 2182 'fieri
367 2133 589 2183 studiosis
636 2134 683 2183 in
720 2133 986 2184 Germania
1022 2133 1267 2198 potuisset.
1343 2131 1436 2180 Sed
1468 2148 1577 2180 cum
1616 2129 1767 2179 visum

222 2227 351 2268 esset
381 2218 553 2268 librum
582 2219 649 2268 ita
683 2218 858 2279 utilem,
885 2218 952 2267 ita
981 2218 1303 2277 commodum,
1338 2215 1598 2281 parabilem
1621 2215 1768 2264 etiam

211 2303 379 2353 facere
416 2304 602 2363 nostriS,
638 2304 859 2353 nolebam
901 2303 1031 2351 illum
1065 2302 1166 2351 sine
1197 2302 1309 2350 dote
1340 2300 1502 2365 aliqua
1530 2318 1560 2350 a
1590 2317 1667 2350 me
1699 2300 1769 2350 di-

222 2387 424 2448 mittere,
449 2387 594 2453 idque
625 2404 684 2436 eo
716 2387 870 2437 minus
895 2404 1003 2436 cum
1030 2394 1203 2451 praeter
1225 2402 1298 2444 ea,
1326 2402 1434 2450 quae
1460 2385 1772 2453 quadraginta

224 2472 427 2537 amplius
453 2489 685 2521 annorum
710 2489 819 2521 cum
848 2472 1020 2521 Flacco
1043 2470 1348 2529 familiaritas,
1374 2478 1424 2519 et
1454 2486 1568 2518 usus
1599 2469 1770 2534 aliquis

223 2573 388 2606 earum
408 2573 580 2618 rerum,
598 2557 769 2622 quibus
786 2556 861 2607 hic
879 2573 1001 2621 opus
1018 2564 1104 2615 est,
1122 2554 1356 2619 subjicere
1375 2561 1607 2618 poterant,
1625 2553 1768 2603 etiam

228 2658 258 2689 a
281 2641 468 2690 fortuna
489 2641 771 2691 offerrentur
793 2641 1015 2706 quaedam
1040 2638 1266 2688 ornandae
1290 2636 1508 2687 editionis
1524 2637 1767 2702 praesidia.

231 2724 398 2782 Quare
427 2726 568 2775 statui
599 2725 749 2776 tribus
778 2725 872 2774 illis
909 2723 1172 2792 generibus,
1207 2740 1315 2788 quae
1345 2722 1392 2771 in
1424 2723 1530 2787 ipso
1559 2722 1769 2789 ingressu

233 2798 614 2870 commemoravi,
655 2826 841 2878 augere,
878 2826 965 2874 pro
999 2807 1222 2874 proesenti
1257 2806 1396 2872 copia
1426 2816 1477 2856 et
1507 2807 1768 2868 voluntate,

234 2890 425 2942 Baxteri
441 2893 712 2944 editionem.

301 2977 376 3025 Ac
402 2976 553 3041 primo
576 2979 768 3042 quidem
793 2994 887 3029 non
911 2987 1009 3028 tam
1035 2978 1126 3028 hoc
1149 2977 1236 3045 egi,
1264 2985 1316 3026 ut
1339 2976 1644 3026 emendarem
1671 2975 1773 3024 Ho—
