1924 3458
912 297 1009 342 583

90 443 234 490 quam
271 425 547 492 paginarum
585 425 658 474 sui
692 427 991 491 exemplaris,
1020 443 1265 493 aggressus
1295 434 1367 474 est
1389 425 1604 475 Aveman
1640 425 1837 476 maximi

87 514 275 575 laboris,
302 515 386 563 sed
409 514 597 579 majoris
617 515 743 564 taedii
766 532 886 580 opus
911 517 1196 566 revolvendo
1221 533 1383 565 omnes
1404 533 1558 575 voces,
1582 534 1699 581 quas
1718 517 1838 567 Tre-

87 612 214 653 terus
233 604 280 652 in
307 604 523 653 Iudicem
545 604 780 664 retulerat,
807 613 855 652 et
878 621 1100 653 numeros
1126 604 1404 671 paginarum
1428 605 1655 654 mutando
1680 606 1728 653 in
1752 623 1838 654 nu-

86 711 244 742 meros
270 694 515 751 librorum,
553 692 785 741 minorum
811 696 1164 756 opusculorum,
1191 711 1249 743 ex
1276 693 1446 757 quibus
1471 694 1576 742 libri
1601 703 1833 755 constant,

86 792 229 848 atque
264 784 384 832 adeo
419 784 629 847 ipsorum
664 798 912 839 versuum3
950 780 1094 845 idque
1128 791 1227 830 tam
1261 783 1482 832 accurate
1518 784 1743 847 praestitit,
1784 794 1838 833 ut

84 888 216 937 saepe
250 873 451 921 hominis
487 871 774 938 diligentiam
810 869 977 918 fuerim
1015 868 1288 929 admiratus,
1317 880 1366 918 et
1401 871 1694 921 verissimum
1731 890 1838 923 esse

85 960 412 1026 compererim,
440 951 568 1024 quod
594 959 694 1024 ipse
720 958 934 1016 affirmat,
954 974 1175 1006 numeros
1200 975 1371 1007 vocum
1391 959 1568 1009 indices
1591 978 1835 1026 nunquam

83 1051 260 1110 fallere,
289 1050 328 1099 si
364 1048 607 1114 exceperis
637 1047 798 1096 Odam
837 1046 933 1094 XI.
968 1057 1017 1096 et
1050 1048 1207 1097 XIII.
1236 1048 1283 1096 in
1319 1049 1439 1098 libro
1473 1050 1695 1114 Epoddn,
1726 1069 1833 1115 quae

83 1141 287 1189 eundem
324 1155 543 1187 versuum
580 1153 829 1185 numerum
866 1136 912 1183 in
949 1137 1169 1186 omnibus
1206 1138 1491 1187 editionibus
1528 1156 1622 1187 non
1659 1141 1837 1190 habent

79 1246 168 1293 pro
193 1229 379 1276 diversa
401 1227 582 1276 ratione
603 1215 906 1274 dimensionis
927 1241 1091 1275 earum
1111 1227 1343 1275 Odarum.
1420 1227 1667 1294 Egregiam
1695 1231 1834 1294 plane

81 1334 277 1382 operam
301 1335 332 1366 a
357 1316 634 1366 Clarissimo
661 1305 781 1363 Viro
810 1314 1192 1364 RICHARDO
1231 1316 1593 1367 BENTLEIO
1619 1318 1667 1367 in
1704 1320 1835 1369 illus·

79 1407 250 1455 trando
277 1405 481 1455 Horatio
504 1405 721 1469 positam,
749 1422 895 1468 quum
924 1405 1112 1454 Fratres
1139 1405 1406 1455 lVetsteinii
1428 1400 1585 1456 denuo
1609 1410 1731 1475 typis
1752 1412 1834 1459 de-

81 1494 355 1555 scriberent,
377 1495 528 1543 visum
547 1494 636 1543 fuit
659 1493 802 1542 etiam
826 1495 926 1543 fore
944 1512 971 1543 e
1000 1494 1072 1542 Re
1093 1494 1313 1556 literaria,
1337 1496 1375 1544 si
1398 1496 1663 1546 Avemanni
1683 1499 1833 1549 Index

79 1585 494 1650 praestantissimus
542 1582 736 1656 editioni
787 1583 1203 1647 praestantissimae,
1252 1594 1481 1649 tanquam
1537 1589 1833 1638 corollarium

80 1673 208 1721 ultra
249 1681 441 1736 pactum
479 1668 709 1732 additum,
756 1671 1078 1736 subjiceretur,
1117 1673 1288 1722 additis
1324 1675 1466 1723 etiam
1503 1675 1703 1725 Illustris
1730 1677 1835 1726 Viri

81 1762 388 1812 Lectionibus
414 1760 567 1822 variis,
594 1766 649 1810 ut
674 1769 721 1809 et
755 1755 986 1824 praeclara
1007 1760 1113 1809 Viri
1149 1762 1316 1811 merita
1340 1779 1398 1812 eo
1423 1764 1570 1830 magis
1595 1767 1834 1816 elucesce-

81 1861 199 1914 rent‚
224 1861 272 1900 et
286 1853 361 1901 Tu
381 1867 476 1901 non
499 1841 653 1914 possis
679 1850 812 1914 queri
835 1850 1010 1899 aliam
998 1868 1046 1898 1n
1072 1850 1251 1912 Indice,
1278 1851 1450 1900 aliam
1439 1870 1485 1901 m
1507 1853 1611 1918 ipso
1630 1855 1834 1905 Horatio

84 1940 362 1990 Lectionem
388 1939 612 1988 exhiberi.
690 1940 846 2005 Hujus
870 1941 938 1990 rei
971 1957 1133 1989 curam
1158 1957 1216 1989 eo
1249 1942 1435 2006 suscepi
1459 1943 1710 2006 lubentius,
1738 1963 1834 2010 quo

81 2031 197 2082 mihi
223 2046 411 2093 semper
438 2038 547 2078 ante
568 2028 726 2077 omnia
745 2029 926 2078 dulcius
952 2030 1042 2078 fuit
1064 2030 1362 2079 occasionem
1384 2031 1498 2080 mihi
1515 2033 1616 2081 dari
1634 2034 1835 2084 navandi

78 2138 176 2171 non
199 2119 410 2169 inutilem
434 2119 627 2167 literatis
652 2136 862 2183 operam.
937 2119 1202 2183 Postquam
1229 2130 1387 2175 autem
1407 2138 1572 2171 manus
1597 2124 1727 2188 operi
1753 2125 1835 2173 ad-

79 2226 337 2269 moveram,
363 2208 557 2257 videbar
592 2207 706 2256 mihi
742 2224 835 2256 non
871 2208 995 2256 male
1030 2208 1282 2258 meriturus
1305 2210 1365 2258 de
1398 2210 1504 2274 ipso
1530 2211 1747 2273 Horatio,
1777 2213 1830 2270 si,

80 2309 255 2365 praeter
282 2298 533 2347 Lectiones
560 2296 666 2346 Viri
690 2297 970 2359 Reverendi,
999 2299 1141 2348 etiam
1167 2299 1396 2348 adderem
1415 2315 1488 2360 ea,
1517 2317 1623 2364 quae
1650 2301 1710 2349 ad
1735 2301 1833 2350 dic-

79 2388 257 2437 tionem
284 2386 598 2445 Horatianam
623 2387 818 2452 propius
841 2390 1132 2439 noscendam
1156 2389 1341 2456 egregie
1359 2389 1640 2438 videbantur
1658 2391 1829 2451 facere,

79 2481 230 2530 multa
247 2478 387 2539 enim,
417 2494 476 2527 ex
504 2476 684 2526 Graeco
709 2477 967 2541 praesertim
993 2479 1121 2527 fonte
1155 2480 1337 2538 hausta,
1363 2494 1461 2527 non
1487 2479 1762 2545 legebantur
1784 2479 1831 2528 in

78 2567 258 2628 Indice,
287 2585 491 2633 quorum
515 2559 675 2615 tamen
701 2567 925 2631 splendor
941 2575 990 2615 et
1014 2568 1313 2632 majestatem
1342 2567 1475 2616 addit
1500 2567 1609 2616 huic
1635 2567 1833 2617 Auctori

79 2667 128 2706 et
163 2650 452 2723 dignitatem,
491 2673 694 2722 quaeque
737 2658 857 2706 adeo
895 2666 948 2706 ut
988 2665 1296 2706 noscerentur
1337 2657 1549 2706 omnium
1591 2656 1827 2717 intererat,

80 2744 162 2809 qui
196 2747 256 2793 ab
287 2755 385 2795 arte
415 2754 464 2794 et
490 2745 724 2812 elegantia
756 2745 1076 2798 instructiores
1103 2749 1329 2798 volebant
1360 2747 1513 2796 redire
1544 2746 1604 2793 ab
1641 2743 1830 2793 Horatii

79 2833 294 2883 lectione.
325 2828 327 2830 ’

147 2921 347 2972 Relecto
364 2924 654 2990 vigitur-cum
681 2926 795 2975 cura
821 2926 1041 2987 Horatio,
1069 2934 1215 2991 atque
1241 2922 1461 2990 sepositis
1495 2921 1565 2982 iis,
1590 2938 1697 2985 quae
1723 2919 1829 2969 usui

78 3012 180 3060 fore
202 3013 468 3076 sperabam,
483 3014 704 3064 videbam
728 3016 849 3065 adeo
868 3013 1070 3064 crevisse
1091 3014 1442 3063 observationes
1466 3029 1621 3072 meas,
1634 3010 1687 3061 ut
1705 3012 1827 3076 pene

81 3100 335 3168 abjecerim
360 3101 607 3153 consilium
631 3103 836 3154 addendi
859 3103 1136 3169 quidquam,
1166 3120 1225 3154 ne
1252 3100 1428 3154 scilicet
1452 3102 1604 3154 Index
1628 3098 1824 3153 nimium
