1924 3458
579 322 947 370 CARMINUM
973 322 1203 373 Lim-111.
1232 328 1311 372 26.
1627 329 1713 379 177¹

351 438 424 482 Nil
441 452 609 495 parvum
624 446 694 481 aut
712 438 860 481 humili
879 438 1015 491 modo,

405 511 479 555 Nil
498 513 666 555 mortale
685 514 835 569 loquar.
852 539 871 560 s
896 510 1033 557 Dulce
1051 510 1279 568 periculum
1298 517 1359 563 est

354 587 409 644 (O
428 586 582 630 Lenaee
597 585 624 641 !)
656 587 776 645 sequi
787 586 913 635 deum

237 669 294 706 20
407 661 653 718 Cingentem
672 660 790 713 viridi
808 668 991 716 tempora
1008 659 1214 715 pampino.

275 784 310 814 17
334 776 447 810 humile
461 778 550 809 etiam
563 776 610 808 Fl.
627 781 654 808 et
671 776 741 808 Ven.
753 778 846 807 1486.
933 769 971 806 1'8
995 781 1040 805 est
1050 774 1150 806 maisit
1164 772 1233 805 Iani
1235 773 1303 816 fide
1317 764 1444 806 duorum
1458 768 1609 806 librorum.

640 988 740 1076 ²³0
765 1021 822 1076 D
847 1021 898 1076 E
958 1019 1185 1075 XXVI.

588 1131 591 1135 Ι
660 1131 664 1134 ι
753 1168 822 1200 AD
854 1123 1127 1233 VENEREM·
1201 1126 1203 1128 ‘

178 1253 320 1286 nomam
329 1263 418 1296 paene
431 1255 566 1286 emeritus
582 1254 741 1296 Cupidinis
756 1255 857 1292 mices,
872 1265 950 1295 «εὸτι»
968 1259 1067 1285 tamen
1080 1252 1222 1284 militiam
1235 1253 1368 1285 dimittit.
1413 1251 1535 1295 (Amare
1549 1262 1581 1284 se
1591 1235 1719 1285 ‹ie-situ«¹

362 1303 364 1305 '
539 1307 606 1328 rum
619 1298 672 1337 ait,
682 1295 789 1328 ,Chloae
803 1308 921 1339 poenam
935 1298 1123 1339 imprecatur,
1137 1303 1173 1326 ut
1186 1303 1275 1327 amet.
1296 1295 1350 1338 G.)

758 1382 894 1414 Metram
913 1386 948 1412 ut
967 1382 1002 1412 in
1017 1382 1131 1423 prima.

258 1511 265 1517 -«
304 1503 308 1508 ·
350 1482 455 1525 V1x1
475 1483 620 1538 puellis
640 1496 770 1537 nuper
788 1482 970 1533 idoneus,

243 1586 258 1618 .
303 1611 315 1616 ,Δ
346 1556 406 1611 Et
425 1555 595 1613 militavi
614 1568 698 1596 non
716 1554 802 1595 sine
820 1554 974 1609 gloria3

403 1628 528 1671 Nunc
545 1642 657 1670 arma
676 1628 996 1683 defunctumque
1010 1627 1120 1669 bello

459 1701 659 1747 Barbiton
677 1701 747 1744 hic
765 1700 894 1757 paries
913 1700 1093 1752 habebit,

185 1780 259 1830 15
328 1776 518 1822 (Laevum
536 1775 706 1821 marinae
727 1775 798 1833 qui
812 1773 980 1817 Veneris
998 1775 1101 1816 latus

223 1859 239 1883 '-
286 1862 288 1865 ’
340 1852 544 1896 Όιιέωάἰῒς
576 1877 583 1883 -
603 1852 704 1906 Hic,
722 1851 796 1893 hic
806 1851 946 1914 ponite
966 1849 1102 1893 lucida

222 1973 257 2005 17
282 1967 423 2010 Quinque
453 1967 603 1999 Torrentii
634 1965 731 1998 MSS.
766 1966 916 1998 habebant
958 1957 1042 2007 aeque
1057 1965 1093 1996 ad
1107 1959 1237 2007 poetam,
1259 1960 1347 2007 quam
1368 1962 1411 1996 ad
1427 1961 1582 1996 Bacchum
1604 1951 1712 1996 refer'ri‘

178 2012 288 2043 humile
301 2022 354 2054 pro
368 2011 486 2049 humili,
502 2011 581 2052 quod
602 2009 716 2040 etmihi
731 2010 842 2041 videtur
855 2021 917 2040 ma·
959 2016 1070 2051 potest,·
1090 2009 1192 2039 vitiosa
1213 2008 1322 2050 alioqui
1343 2009 1465 2045 ratione,
1488 2007 1540 2037 sed
1564 2007 1615 2038 tali
1641 2018 1706 2038 car-

177 2054 223 2095 gis
245 2055 408 2092 convenire,
434 2055 489 2084 etsi
513 2053 658 2084 claudicet
678 2051 825 2090 Metrum,
839 2052 917 2094 quod
959 2053 1039 2082 mine
1054 2061 1115 2093 non
1130 2051 1259 2093 indigna.
1302 2050 1450 2082 Caeterum
1465 2058 1543 2080 recte
1559 2048 1703 2082 Baxterus

180 2096 349 2128 nil‘moror.
392 2095 469 2131 Quis
491 2097 571 2127 enim
600 2095 697 2126 credat
723 2094 845 2126 Poetam
864 2105 918 2137 po—
959 2095 995 2125 ad
1009 2101 1126 2136 poetam
1139 2093 1238 2125 refert.
1259 2093 1300 2124 G.

178 2139 267 2169 tuisse
281 2141 325 2170 nil
340 2140 445 2170 humili
459 2140 557 2174 modm
580 2149 649 2169 cum
664 2138 793 2179 superius
807 2137 874 2168 Ode
885 2143 916 2168 3.
1002 2143 1044 2167 20
1068 2136 1241 2176 cingentem
1264 2141 1394 2178 tempora
1402 2147 1416 2173 ,-
1437 2134 1470 2165 h.
1485 2145 1512 2165 e.
1533 2142 1701 2165 cantantem

179 2179 266 2222 hujus
295 2181 361 2212 libri
390 2181 504 2218 dixerit,
533 2181 652 2220 Magna
677 2182 771 2211 modis
800 2185 918 2210 tenuare
959 2186 990 2208 et
1014 2178 1186 2209 saltantem:
1210 2190 1278 2209 nam
1299 2179 1430 2208 coronati
1445 2185 1476 2208 et
1500 2177 1657 2207 cantabant
1672 2184 1703 2207 et

175 2224 292 2265 paruis,
317 2223 354 2254 de
378 2221 485 2264 Lyrico
510 2233 563 2252 suo
589 2223 741 2252 carmine?
765 2221 802 2252 B.
845 2221 918 2252 Non
959 2221 1103 2252 saltabant
1116 2230 1238 2258 veteres,
1253 2221 1332 2250 utin
1346 2221 1434 2250 saeris
1447 2220 1583 2250 debuere.

180 2273 240 2296 tam
254 2266 327 2296 ratio
342 2264 458 2296 Baxteri
473 2275 520 2295 me
535 2272 643 2301 movet,
667 2273 701 2294 ut
722 2265 831 2294 humile
845 2275 918 2305 prae·

178 2308 283 2346 feram,
297 2319 385 2349 quam
400 2306 482 2344 illud,
496 2306 575 2348 quod
589 2306 700 2336 videtur
713 2306 842 2347 gradatio
856 2316 918 2335 esse
1203 2302 1272 2334 OD
1282 2303 1311 2335 E
1339 2302 1458 2334 XXVI.

181 2352 212 2381 in
235 2361 376 2393 parvum,
399 2350 519 2384 humile,
543 2350 588 2379 ‘nil
608 2349 739 2379 mortale.
759 2348 800 2379 G.
841 2347 919 2378 Cum
1006 2353 1019 2376 l
1045 2346 1094 2377 Ad
1127 2344 1290 2388 Emphasin
1326 2346 1399 2376 dixit
1433 2354 1525 2387 nuper
1558 2346 1703 2384 idoneus,-

182 2404 237 2424 nec
252 2392 371 2423 Baxteri
385 2402 440 2422 nec
462 2391 587 2422 Gesneri
613 2391 686 2421 ratio
710 2391 853 2432 placeret;
874 2400 921 2420 re-
961 2398 1030 2419 nam
1044 2388 1206 2431 significare
1220 2389 1280 2418 vult
1294 2399 1325 2418 se
1342 2388 1404 2428 jam
1418 2388 1457 2418 ob
1472 2394 1589 2418 aetatem
1604 2388 1702 2418 minus

180 2436 261 2467 stimi
282 2436 459 2477 optimorum
482 2441 513 2464 et
535 2434 725 2475 plurimorum
749 2433 865 2469 humili,
880 2432 919 2463 ob
961 2431 1071 2461 valere:
1094 2439 1124 2461 et
1146 2431 1219 2461 mire
1240 2440 1346 2473 nuper,
1368 2441 1401 2460 ac
1427 2431 1452 2460 si
1476 2431 1576 2472 paucis
1597 2430 1701 2461 diebus

181 2485 319 2515 metrum,
333 2477 372 2507 ob
383 2476 515 2513 modum,
526 2477 564 2507 ob
576 2486 708 2507 sensum:
721 2486 788 2505 nam
803 2474 864 2505 vult
878 2474 919 2506 lo-
962 2474 1156 2503 consenuerit.

180 2522 232 2563 qui
245 2520 334 2551 modo
348 2519 476 2550 sublimi.
497 2517 535 2550 Z.
1005 2522 1022 2548 2
1047 2517 1116 2546 Νοσι
1141 2516 1204 2546 sine
1229 2515 1327 2554 gloria
1334 2526 1347 2552 ,·
1385 2514 1454 2544 Non
1483 2515 1544 2545 sine
1569 2515 1702 2557 opinione

226 2569 264 2594 18
288 2563 385 2594 Dulce
430 2562 583 2599 eriwlum,
607 2559 776 2602 ὀξῦμωςον
802 2558 917 2601 Figura.
962 2559 1028 2588 bom·
1052 2559 1202 2588 amatoris.
1225 2556 1294 2588 Vet.
1322 2555 1423 2586 Schol.
1445 2555 1482 2587 Β.
1525 2557 1633 2595 Arma,
1656 2559 1701 2600 ip-

181 2604 282 2637 Habet
304 2606 392 2636 etiam
441 2603 594 2646 mphasin:
622 2604 765 2645 significat
786 2603 865 2632 enim
888 2613 919 2632 se
960 2600 1046 2631 saml
1137 2599 1275 2641 intelligit
1286 2598 1375 2629 Acro.
1396 2598 1434 2629 Z.

179 2649 302 2679 amabili
321 2648 443 2678 insania
466 2646 619 2688 abreptum
643 2646 754 2677 nescire
775 2655 835 2687 quo
849 2644 920 2675 deus
1004 2650 1023 2673 4
1077 2650 1158 2673 otum
1173 2650 1217 2672 est
1236 2649 1357 2679 veteres,
1379 2651 1446 2671 cum
1460 2647 1552 2671 artem
1574 2640 1701 2682 aliquam

181 2691 279 2729 ducat,
294 2690 419 2721 libenter
431 2696 531 2720 tamen
545 2690 638 2730 sequi.
961 2684 1153 2722 dimitterent,
1177 2685 1368 2715 instrumenta
1392 2684 1454 2724 ejus
1479 2684 1548 2714 artis
1573 2683 1641 2721 deo,
1667 2684 1700 2715 in

227 2740 266 2766 19
288 2731 322 2764 Si
345 2731 572 2763 intercludemus
598 2743 615 2759 ο
640 2731 756 2767 Lenaee,
779 2737 814 2760 ut
834 2728 922 2760 modo
963 2728 1044 2768 cujus
1059 2727 1150 2757 tutela
1164 2726 1290 2763 fuerant,
1305 2726 1478 2767 suspendere
1499 2726 1699 2757 consuevisse:

182 2775 353 2806 exclamatio
374 2775 423 2813 sit,
446 2781 481 2804 ut
506 2775 534 2805 io
555 2774 682 2811 Bacche,
708 2773 802 2810 Eune,
829 2779 860 2802 et
884 2773 921 2801 si·
962 2780 1049 2811 atque
1065 2769 1092 2801 ἐν
1106 2770 1170 2802 ἤθει
1184 2770 1280 2811 posuit
1302 2770 1349 2799 hic
1369 2769 1480 2810 paries,
1505 2777 1539 2798 ac
1563 2768 1588 2799 si
1601 2776 1699 2800 certus

183 2818 278 2855 miles,
294 2828 353 2848 non
367 2817 504 2848 allocutio
518 2817 633 2858 proprie
647 2816 740 2846 dicta:
763 2814 838 2845 nihil
849 2825 922 2855 opus
957 2813 1021 2854 jam
1033 2812 1118 2850 foret,
1133 2821 1163 2843 et
1177 2811 1333 2842 immobilis
1348 2811 1379 2840 in
1393 2810 1549 2852 proposito.

184 2860 239 2890 erit
253 2861 419 2895 con'ectura
428 2858 569 2897 Bentleii,
583 2860 633 2896 Te,
645 2859 762 2895 Lenaee,
774 2858 853 2898 sequi
867 2858 922 2887 du·
1006 2862 1022 2886 5
1046 2854 1084 2885 In
1104 2855 1242 2896 superiori
1254 2852 1444 2895 Templorum
1468 2861 1561 2894 parte,
1574 2853 1700 2894 pariete-

184 2912 254 2932 cem.
335 2903 463 2932 enustior
490 2900 565 2932 forte
593 2900 642 2931 hic
666 2900 841 2931 versiculus:
871 2899 922 2930 sed
963 2908 1020 2938 que
1034 2898 1149 2928 australi
1173 2895 1356 2927 anathemata
1379 2895 1557 2937 pendebant.
1597 2893 1699 2936 Siqui-

183 2943 266 2980 nlter,
279 2954 367 2984 quem
380 2944 446 2975 libri
468 2954 571 2975 omnes
591 2942 714 2980 habent,
735 2943 827 2984 magis
843 2940 920 2972 Bac·
960 2940 1028 2970 dem
1051 2941 1145 2982 ipsum
1169 2949 1278 2969 numen
1302 2937 1453 2969 meridiem
1478 2936 1634 2979 spectabat.
1657 2936 1695 2968 Β.

185 2985 295 3017 chicus.
350 2985 409 3016 Cui
435 2987 535 3028 generi
558 2986 631 3017 illud
658 2987 747 3016 etiam
768 2994 919 3022 accenseo,
960 2982 1093 3014 Deorum
1118 2981 1201 3012 sedes
1222 2981 1389 3023 septentrio.
1430 2979 1524 3012 Varro
1536 2979 1614 3023 apud
1627 2978 1699 3011 Fes-

184 3027 263 3071 quod
276 3027 411 3071 ambigue
424 3029 522 3073 posuit
538 3029 697 3070 cingentem
710 3039 739 3059 υ.
755 3032 776 3059 t.
792 3036 827 3070 p.
842 3027 919 3068 quod
960 3024 1074 3099 tumlky·
1088 3025 1225 3057 Sinistrae
1238 3034 1315 3056 aves.
1335 3023 1375 3055 G.
