1950 3626
219 320 249 348 x
535 303 578 348 J.
619 303 686 349 M.
727 303 1025 349 GESNERI
1067 303 1458 350 PRAEFATIO.v

221 411 759 499 repugnantia-liberare
775 450 868 482 uon
890 432 1083 498 possim,
1112 450 1209 483 non
1239 434 1348 484 ideo
1374 449 1511 484 urere
1533 442 1583 482 et
1603 448 1766 482 secare

219 515 347 577 licet,
371 533 467 566 non
493 517 696 585 grassari
721 517 768 566 in
787 517 947 579 libros,
975 527 1028 567 ut
1049 517 1097 567 in
1114 518 1450 583 discipulorum
1476 534 1624 583 pensa
1645 518 1768 567 solet

219 601 517 652 emendatrix
543 619 711 652 manus
737 602 1069 667 praeceptoris:
1108 603 1191 652 sed
1218 602 1305 652 nisi
1336 604 1404 654 ita
1423 602 1592 662 mollis,
1622 602 1689 652 ita
1710 601 1766 650 li-

220 687 381 753 quida,
402 687 471 738 ita
488 689 630 748 clara,
658 688 725 737 ita
741 688 880 737 unica
897 688 957 738 sit
979 688 1263 748 emendatio,
1297 688 1437 753 plane
1456 686 1525 737 uti
1544 687 1763 736 dubitare

218 773 398 823 homini
421 774 576 823 rer‘um
602 773 756 839 perito
779 789 875 822 non
900 773 1053 834 liceat,
1081 773 1326 823 modestiae
1349 781 1521 822 nostrae
1545 781 1594 822 et
1616 773 1765 821 bono-

218 876 324 909 rum
343 858 573 908 librorum
596 857 852 925 integritati
871 858 1028 923 potius
1055 857 1122 907 ita
1145 858 1463 917 consulamus,
1484 866 1537 906 ut
1566 856 1615 905 in
1639 871 1766 904 mar·

216 943 337 1012 gine,
364 943 478 1008 quid
498 942 634 992 nobis
654 942 879 1003 videatur,
900 942 1176 992 indicemus.

288 1028 403 1079 Dici
426 1045 520 1078 non
546 1036 717 1093 potest,
740 1045 887 1093 quam
911 1027 1048 1078 facile
1071 1027 1132 1077 sit
1161 1027 1237 1077 hic
1268 1026 1379 1088 falli,
1407 1026 1518 1088 labi,
1554 1043 1765 1076 corrum-

218 1130 331 1179 pere
377 1113 506 1178 quod
553 1114 810 1162 emendare
854 1111 986 1161 velis.
1073 1111 1201 1162 Cum
1249 1111 1538 1160 concedatur
1572 1111 1763 1161 senibus

215 1201 531 1254 περιαυτολογεῖν,
546 1196 701 1246 dicam
726 1195 839 1260 quid
857 1196 970 1244 mihi
990 1212 1077 1244 usu
1098 1193 1293 1246 venerit.
1340 1194 1494 1243 Fuere
1519 1196 1580 1243 ab
1604 1194 1765 1243 adole-

216 1281 396 1331 scentia
416 1281 527 1330 inde
560 1297 669 1330 mea
688 1279 842 1340 amici,
868 1279 1040 1329 eruditi
1073 1294 1187 1327 sane
1209 1278 1423 1327 homines
1447 1286 1497 1327 et
1519 1277 1761 1344 ingeniosi,

216 1365 298 1430 qui
312 1364 513 1414 subinde
531 1373 811 1414 accusarent
835 1379 992 1413 meam
1010 1363 1057 1413 in
1077 1362 1487 1413 emendationibus
1509 1363 1583 1412 vel
1599 1345 1763 1412 alienis

217 1453 290 1501 vel
315 1451 432 1501 meis
457 1450 763 1501 admittendis
784 1450 1071 1500 tarditatem.
1147 1449 1241 1498 Sed
1265 1448 1419 1498 fateor
1434 1448 1651 1515 ingenue,
1681 1449 1765 1497 ali·

215 1536 402 1602 quoties
416 1544 576 1585 tamen
595 1552 703 1585 cum
724 1534 854 1584 omni
873 1534 968 1595 illa,
991 1551 1136 1601 quam
1158 1550 1248 1600 ego
1262 1533 1532 1582 cautionem
1553 1533 1764 1597 appella-

217 1623 342 1680 bam,
368 1619 459 1685 ipsi
478 1619 792 1681 timiditatem,
821 1619 1070 1684 aliquoties
1089 1617 1202 1669 mihi
1222 1635 1309 1667 usu
1333 1617 1530 1678 venisse,
1550 1626 1605 1667 ut
1621 1627 1764 1668 aucto

216 1704 396 1755 scilicet
420 1721 579 1754 rerum
605 1706 953 1769 verborumque
979 1721 1082 1763 usu,
1098 1702 1408 1752 retractandae
1426 1711 1586 1752 essent
1601 1719 1761 1753 emen-

217 1789 448 1849 dationeS,
471 1806 580 1853 quae
603 1789 742 1838 valde
759 1787 874 1837 mihi
899 1788 1194 1853 placuerant.

286 1874 405 1934 Quo
430 1874 583 1923 minus
607 1872 810 1938 poenitet
832 1873 880 1922 in
901 1872 1107 1922 Horatio
1125 1889 1318 1921 causam
1345 1880 1644 1936 receptarum
1668 1872 1763 1922 lec·

217 1957 400 2010 tionum
429 1957 695 2023 suscepisse
713 1974 807 2007 non
827 1975 1072 2022 nunquam
1098 1967 1266 2007 contra
1287 1956 1445 2022 ipsum
1476 1956 1759 2019 Bentleium‚

215 2043 359 2093 etiam
391 2043 472 2093 ubi
503 2042 738 2103 irascitur,
765 2043 841 2107 (ut
878 2043 940 2092 ad
969 2042 1075 2092 Art.
1113 2042 1250 2091 Poet.
1276 2040 1418 2104 441.)
1444 2042 1573 2106 quod
1607 2043 1764 2092 solent

216 2145 314 2178 non
337 2145 582 2192 nunquam
607 2127 695 2176 viri
712 2127 854 2187 docti,
882 2145 991 2177 cum
1016 2137 1188 2193 putant
1208 2126 1423 2191 iniquum
1441 2143 1546 2176 esse
1563 2126 1764 2177 librariis

216 2212 548 2262 semibarbaris
576 2212 684 2277 plus
716 2211 826 2262 fidei
857 2211 1020 2261 haberi
1054 2229 1201 2276 quam
1224 2228 1322 2260 suae
1356 2211 1538 2270 rationi,
1565 2212 1656 2261 hoc
1690 2220 1765 2261 est

216 2306 388 2347 rectae:
426 2296 563 2362 quasi
577 2296 799 2346 vicissent
818 2314 930 2347 vero
942 2313 1079 2346 suam
1100 2297 1332 2346 rationem
1353 2295 1431 2346 hic
1445 2312 1551 2345 esse
1564 2305 1759 2347 rectam.
1788 2337 1790 2341 .

216 2381 399 2431 Contra
434 2382 556 2431 hanc
592 2381 862 2431 criticorum
888 2382 1205 2446 quorumdam
1236 2382 1583 2431 vehementiam
1606 2399 1762 2432 arma-

215 2475 338 2515 tum<
363 2474 529 2531 pectus
573 2467 750 2515 habere
789 2467 934 2516 debet
974 2466 1164 2516 Horatii
1207 2465 1469 2532 praesertim
1509 2467 1675 2527 editor,
1714 2476 1764 2516 et

215 2550 356 2600 malle
373 2567 482 2600 cum
504 2550 768 2601 Philoxeno
791 2550 859 2600 ire
881 2550 929 2599 in
958 2550 1251 2612 Lautumias,
1274 2567 1420 2614 quam
1446 2551 1642 2600 laudare
1666 2568 1761 2601 non

220 2636 382 2696 bonaS‚
410 2637 738 2701 cujuscunque
760 2636 953 2685 demum
977 2635 1084 2696 sint,
1113 2653 1259 2700 quam
1296 2635 1506 2700 recipere
1539 2637 1762 2701 pulchras

217 2721 534 2783 quantumvis,
561 2721 645 2770 sed
669 2720 824 2770 minus
847 2719 1154 2781 necessarias,
1180 2719 1552 2770 emendationes.

286 2802 388 2862 Qui
412 2804 502 2853 hoc
526 2813 696 2870 potest,
728 2804 810 2854 ille
834 2804 986 2854 multo
1015 2803 1171 2854 minus
1204 2803 1470 2854 movebitur
1492 2806 1554 2854 ab
1579 2804 1650 2866 iis,
1678 2804 1760 2869 qui

218 2887 291 2936 vel
313 2887 524 2937 omnium
548 2892 778 2940 bonarum
798 2905 954 2938 rerum
973 2888 1130 2950 rudeS‚
1148 2889 1221 2938 vel
1242 2897 1370 2939 certe
1387 2887 1630 2938 suavitatis
1648 2904 1761 2954 poe·
