1950 3626
108 311 234 356 xxviii
533 310 885 355 PRAEFATIO
932 309 1246 355 BAXTERI.

109 437 296 503 scriptis
331 437 595 506 legentibus
632 438 826 504 patebit.
901 438 982 487 De
1016 438 1154 488 nobis
1190 454 1318 498 vero,
1347 446 1397 486 et
1435 437 1656 502 praesenti

109 531 273 572 nostro
291 522 521 585 instituto,
540 523 739 573 aliorum
763 523 853 573 erit
866 522 1114 588 judicare3
1152 522 1234 587 qui
1250 522 1288 571 si
1304 521 1515 571 studioso
1530 521 1655 570 fave-

110 607 231 656 bunt
253 606 419 668 labori,
445 607 535 657 erit
558 625 643 657 cur
662 607 797 658 nobis
817 605 1137 675 gra'tulemur3
1176 607 1247 656 sin
1264 606 1416 673 (quod
1437 623 1550 655 sane
1575 623 1657 656 ex-

107 692 422 756 spectandum
447 691 692 756 duximus)
719 693 878 757 plures
903 691 1171 741 damnaturi
1202 700 1312 741 sunt
1335 708 1442 755 quoe
1468 707 1562 740 non
1587 691 1656 739 in-

107 776 337 844 telligunt,
358 794 444 827 nos
470 778 650 827 factum
673 786 888 826 nostrum
907 777 1081 826 durato
1093 776 1236 826 corde
1259 776 1482 825 feremus,
1558 776 1657 825 Sic-

110 862 193 912 ubi
229 879 343 913 vero
378 863 426 912 in
460 865 673 928 hocopus
700 862 810 911 culo
838 860 976 910 nimis
1011 861 1108 910 acri
1132 860 1396 910 videbimur
1426 861 1497 910 usi
1530 861 1653 922 stilo,

110 946 440 1012 Criticumque
456 946 667 1015 gladium
686 948 746 995 de
771 954 1002 996 consueto
1027 962 1158 994 more
1178 945 1433 1006 strinxisse,
1461 946 1578 995 illud
1596 947 1657 996 de

100 1032 213 1098 jure
245 1040 408 1082 nostro
445 1031 582 1081 nobis
615 1031 961 1080 vendicandum
994 1046 1257 1079 censemus.
1330 1030 1501 1081 Genus
1530 1031 1657 1081 enim

109 1116 335 1166 irritabile
361 1115 649 1166 Criticorum
687 1115 829 1164 natio.
902 1114 1059 1163 Abest
1082 1122 1243 1163 tamen
1271 1113 1449 1175 odium,
1485 1115 1569 1175 ira,
1608 1124 1660 1165 et

111 1200 352 1250 aemulatio
377 1217 537 1265 prava,
566 1200 663 1248 imo
684 1208 732 1248 et
754 1198 964 1264 partium
989 1197 1201 1246 studium
1226 1216 1256 1246 a
1282 1199 1440 1248 studio
1465 1199 1658 1249 Musico

109 1285 238 1350 quod
262 1301 426 1334 sumus
451 1283 665 1349 professi.

247 1451 499 1513 Caedimu3‚
528 1452 665 1520 inque
685 1451 830 1501 vicem
844 1449 1111 1518 praebemus
1132 1467 1279 1500 crura
1301 1451 1523 1517 sagittis:

249 1538 447 1591 Vivitur
468 1538 553 1588 hoc
564 1545 724 1604 pacto,

780 1702 936 1735 --4-

183 1849 304 1900 Non
329 1847 447 1898 vidit
463 1848 736 1912 exemplum
758 1849 897 1914 hujus
917 1845 1135 1897 editionis
1162 1846 1412 1896 Baxterus.
1485 1846 1660 1896 Monet

114 1934 340 1986 lectorem
398 1932 711 1984 Londinensis
759 1932 926 1994 editor,
990 1935 1020 1958 “
1044 1931 1381 1981 Enarratorem
1399 1931 1655 1982 'eruditum

117 2023 149 2046 “
185 2019 296 2070 huic
327 2019 463 2085 operi
496 2018 789 2068 recensendo
827 2035 911 2083 per
941 2033 1127 2067 menses
1155 2016 1338 2081 aliquot
1370 2016 1654 2078 incubuisse,

118 2106 149 2134 '⁸
184 2122 274 2156 nec
296 2105 468 2167 multiS,
487 2114 746 2169 antequam
765 2105 873 2155 fatis
893 2102 1047 2165 cessit,
1067 2102 1234 2157 diebus
1253 2102 1556 2153 absolvisse.’'
1588 2102 1653 2153 G.
