1924 3458
196 279 248 319 5¹6
254 282 278 317 6

640 274 700 325 Q.
732 263 1018 320 HoRATn
1053 276 1295 320 FLAcm

370 408 487 451 Neve
502 408 649 461 minor,
669 424 750 451 neu
770 409 821 451 sit
841 409 984 467 quinto
1003 408 1237 465 productior
1255 415 1352 450 actu

233 490 315 527 190
373 483 541 537 Fabula,
563 498 657 540 quae
675 484 790 541 posci
809 485 908 538 vult,
934 490 974 526 et
993 490 1174 540 spectata
1193 483 1336 541 reponi
1352 497 1361 526 ε

372 559 464 602 Nec
480 559 577 601 deus
598 558 768 619 intersit,
789 557 868 600 nisi
888 558 1035 616 dignus
1054 557 1216 599 vindice
1238 557 1366 599 nodus

371 633 595 676 Inciderit:
626 647 705 675 nec
726 642 869 689 quarta
888 632 1001 689 loqui
1017 646 1189 688 persona
1207 632 1376 674 laboret.

384 685 593 699 mna-‘-

370 707 531 750 Actoris
550 714 682 764 partes
703 707 849 748 chorus
869 706 1133 762 officiumque
1154 706 1270 748 virile

236 867 314 904 195

371 785 608 839 Defendat3
639 800 721 828 neu
741 784 844 843 quid
864 784 1020 827 medios
1041 783 1261 825 intercinat
1278 789 1429 900 actum]

375 861 501 907 Quod
520 875 604 903 non
622 859 827 917 proposito
848 859 1052 901 conducat
1072 865 1113 899 et
1131 857 1289 899 haereat
1307 863 1401 913 apte

373 937 450 979 Ille
469 935 586 978 bonis
607 935 830 990 faveatque,
855 939 897 974 et
917 930 1153 973 consilietur
1170 930 1341 984 amicis3

373 1010 433 1053 Et
452 1016 564 1066 regat
584 1009 717 1060 iratos,
730 1014 779 1049 ‘et
798 1013 910 1049 amet
927 1020 1100 1063 peccare
1121 1005 1312 1047 timentes
1329 1020 1339 1047 z

371 1085 447 1126 Ille
468 1084 590 1140 dapes
610 1082 747 1124 laudet
767 1095 921 1123 mensae
941 1080 1099 1133 brevis3
1131 1079 1203 1122 ille
1223 1080 1427 1122 salubrem

374 1158 599 1211 Justitiam,
619 1159 825 1213 legesque,
849 1163 890 1197 et
909 1154 1057 1212 apertis
1076 1155 1160 1199 otia
1178 1154 1304 1211 portis
1322 1171 1332 1196 :

204 1280 211 1289 ,
234 1240 317 1276 200

376 1232 451 1274 Ille
470 1239 583 1288 tegat
603 1231 833 1285 commissa,
859 1230 1036 1286 deosque
1055 1236 1245 1286 precetur
1263 1236 1306 1271 et
1323 1236 1423 1282 oret,

376 1310 436 1352 Ut
455 1311 593 1353 redeat
611 1309 784 1362 miseris,
807 1309 926 1350 abeat
944 1308 1106 1349 fortuna
1125 1306 1318 1363 superbis

376 1385 498 1427 Tibia
517 1400 614 1438 non,
633 1391 681 1426 ut
700 1399 825 1437 nunc,
846 1382 1054 1426 orichalco
1073 1382 1223 1435 vincta,
1247 1379 1442 1437 tubaeque

212 1518 271 1545 189
287 1511 395 1549 minor,
411 1511 516 1552 quinto
531 1522 590 1542 neu
605 1511 643 1542 sit
665 1510 754 1542 Glar-

254 1562 313 1588 194
328 1555 476 1585 intercit‘at
491 1554 528 1586 Z.

251 1648 400 1672 tumentes
416 1651 430 1671 e
445 1641 519 1673 MS.
533 1641 634 1671 Bentl.
653 1640 732 1671 Cun.

254 1765 314 1792 189
342 1760 424 1790 Neve
452 1759 570 1797 minor5
596 1756 782 1800 Praeceptum
809 1759 959 1789 decimum

210 1802 361 1844 quintum,
370 1801 421 1833 De
430 1801 567 1832 Numero
575 1804 721 1839 Actuum,
731 1809 761 1831 et
770 1801 806 1832 de
814 1800 960 1832 Personis.

257 1852 317 1879 190
331 1846 444 1888 Reponi
453 1858 466 1884 ,-
489 1845 521 1876 in
536 1843 664 1875 Scenam
678 1845 791 1882 reduci,
805 1853 894 1887 atque
906 1845 960 1875 ite·

208 1899 274 1920 rum
290 1890 423 1930 spectari.

240 1964 243 1966 .
259 1938 316 1965 191
332 1933 458 1970 Nodus,·
479 1931 524 1962 vel
539 1930 576 1961 ad
588 1929 799 1961 conciliandam
812 1931 855 1961 rei
868 1931 962 1961 incre-

210 1974 294 2011 dibili
309 1975 410 2013 fidem,
424 1975 470 2005 vel
492 1974 544 2005 ubi
559 1985 604 2004 res
618 1973 709 2016 digna
722 1973 819 2004 divina
833 1984 903 2003 cura
918 1974 963 2004 in-

212 2018 300 2049 cidat.
342 2017 530 2049 Proverbium
561 2024 605 2048 est
629 2016 698 2051 Θεός
721 2016 781 2048 ἀπὸ
809 2018 962 2058 μηχανῆς,

212 2061 249 2093 de
264 2060 323 2099 his,
338 2062 390 2102 qui
413 2061 514 2092 omnia
529 2061 694 2091 interventu
718 2061 849 2091 numinis
872 2060 965 2102 expli-

213 2112 292 2135 cant.
339 2105 372 2136 V
369 2105 457 2135 index·
476 2110 574 2134 autem
599 2103 689 2134 modo
703 2103 811 2134 (licitur
824 2102 964 2144 quiquid

212 2147 270 2178 sibi
281 2147 336 2178 soli
347 2147 483 2179 vindicat.
505 2146 543 2178 B.
590 2147 622 2177 V
620 2148 709 2177 index¹
717 2154 774 2184 est,
783 2147 835 2188 qui
846 2156 964 2177 summo

214 2191 246 2221 in
261 2190 392 2232 periculo
406 2197 569 2221 versantem
584 2189 683 2220 subito
702 2189 806 2220 liberat
825 2199 856 2220 et
865 2190 964 2232 eripit,

213 2241 249 2264 ut
272 2233 395 2276 Jupiter
418 2234 450 2264 in
472 2232 694 2275 Amphitruone
720 2232 875 2264 Alcmenae
903 2244 966 2263 suae

215 2277 367 2308 succurrit.
410 2278 514 2309 Nodus
538 2276 702 2318 implicatio
715 2275 851 2317 quaedam
872 2275 968 2317 suspi-

215 2320 348 2359 cionum,
377 2328 524 2359 metuum,
554 2319 764 2362 periculorum,
791 2331 860 2360 quae
896 2318 968 2349 facit

215 2370 412 2405 spectatorem
426 2363 563 2402 dubium,
581 2373 770 2405 suspensum,
781 2369 903 2393 eventus
917 2373 970 2393 cu-

214 2407 328 2448 pidum.
351 2407 392 2437 G.

264 2457 322 2483 192
349 2451 475 2482 Quarta·
491 2459 621 2492 persona
629 2462 643 2489 ,·
673 2449 825 2480 inducitur
850 2448 969 2480 Quarta

219 2493 360 2532 Persona,
375 2499 429 2524 aut
443 2499 477 2525 ut
487 2498 618 2532 annuat,
630 2498 684 2525 aut
698 2497 732 2524 ut
747 2493 773 2522 ei
785 2492 900 2533 aliquid
913 2492 970 2522 im-

215 2541 345 2579 peretur.
381 2535 452 2567 Vet.
482 2535 586 2568 Schol.
630 2536 779 2567 Quartam
808 2536 972 2566 Personam

219 2581 336 2619 quando
349 2580 530 2617 inducimus,
545 2585 598 2611 aut
618 2590 678 2610 mm
695 2580 815 2610 omnino
829 2578 910 2619 loqui
923 2579 972 2608 de-

222 2623 337 2660 heman
347 2632 458 2665 pauca.
479 2622 565 2654 Alter
581 2621 684 2654 Schol.
719 2620 819 2663 Κωφόν
833 2620 973 2665 πρόςωπον

219 2665 357 2707 appellat.
379 2665 418 2697 B.
465 2666 503 2707 [†
519 2667 637 2697 Quarta
656 2676 782 2708 persona
796 2672 841 2695 est
854 2672 974 2706 quartus

223 2716 314 2746 actor,
335 2710 386 2750 qui
409 2710 531 2740 tertium
553 2709 741 2750 sequebatur,
761 2708 839 2751 regis
862 2708 909 2739 vel
931 2715 976 2750 ty-

224 2752 306 2781 ranni
322 2762 478 2793 personam
492 2753 524 2783 in
538 2752 690 2795 tragoediis
701 2760 851 2795 agentem,
862 2752 975 2792 quique

225 2791 314 2834 hujus
329 2795 402 2825 adeo
416 2804 478 2826 erat
491 2795 621 2827 famulus
635 2803 687 2826 aut
701 2795 827 2833 satelles,
849 2794 928 2825 unde
944 2800 976 2824 et

226 2846 334 2867 nomen
349 2839 474 2880 accepit.
515 2838 690 2882 Spanhem]
737 2837 801 2873 Qui
821 2837 976 2868 observant

226 2877 285 2908 hoc
309 2889 502 2922 praeceptum,
531 2882 746 2924 perturbationi
775 2887 975 2922 spectatorum

226 2921 328 2951 volunt
343 2933 505 2961 occurrere,
517 2934 547 2955 et
558 2926 661 2956 servire
676 2924 810 2955 claritati.
832 2923 896 2954 Ubi
907 2923 974 2957 nul-

224 2963 272 2994 lus
286 2965 353 2995 talis
365 2974 460 2997 metus
474 2974 529 3004 est,
541 2969 662 3010 impune
675 2967 774 3010 plures
785 2977 917 3010 personae
931 2966 977 2997 lo-

226 3017 352 3049 quentes
367 3010 552 3043 inducentur.
572 3011 613 3043 G.
765 3027 768 3030 ·

844 1516 904 1543 190
928 1502 1087 1551 spectanda
1109 1509 1183 1540 MS.
1202 1507 1242 1539 A.
1260 1508 1341 1539 Stat.

629 1558 688 1587 196
703 1553 797 1584 amice
813 1551 851 1582 Z.
897 1552 986 1584 Glar.
1015 1553 1121 1583 Lamb.
1145 1551 1244 1583 MSS.
1270 1558 1289 1581 4
1314 1552 1429 1582 Bersm.
1473 1549 1548 1580 MS.
1576 1549 1702 1580 Helmst.
1727 1553 1755 1579 et

251 1599 350 1629 Bentl.
365 1598 538 1628 concilietur
555 1597 624 1628 Ven.
638 1597 727 1628 Glar.
742 1601 769 1627 et
783 1596 858 1626 MS.
874 1595 999 1627 Helmst.

1431 1512 1489 1540 193
1514 1505 1639 1536 auctoris
1664 1504 1753 1536 Glar.

1090 1601 1147 1631 197
1166 1604 1271 1637 pacare
1291 1594 1381 1625 etiam
1395 1592 1470 1624 MS.
1485 1592 1562 1623 Ach.
1574 1591 1653 1623 Stat.
1670 1597 1697 1623 et
1711 1592 1754 1623 al.

817 1645 880 1670 202
892 1638 998 1679 juncta
1014 1638 1119 1669 Lamh.
1134 1639 1234 1669 Beutl.

1049 1762 1108 1791 193
1124 1754 1242 1787 Actoris
1258 1759 1359 1797 partes
1369 1766 1381 1792 ;
1403 1752 1590 1795 Praeceptum
1606 1753 1756 1784 decimum

1003 1808 1131 1837 sextum,
1143 1799 1223 1840 quod
1243 1806 1288 1828 est
1301 1796 1352 1828 De
1368 1796 1479 1828 Choro.
1524 1797 1579 1830 Καὶ
1604 1797 1653 1828 τὸν
1674 1796 1758 1839 Χοςόν

1005 1843 1034 1874 δὲ
1050 1841 1097 1874 ἕνα,
1113 1843 1158 1874 δεῖ
1171 1841 1328 1884 ὑπόλᾳβεῖν
1342 1841 1398 1872 τῶν
1414 1841 1577 1883 ὑποκριτῶν·
1593 1839 1624 1872 h.
1634 1852 1659 1871 e.
1678 1839 1758 1872 Cho-

1004 1898 1058 1918 rus
1067 1896 1125 1929 pro
1140 1885 1287 1926 singulari
1308 1884 1415 1916 Actore
1429 1884 1616 1926 acajriendus
1637 1888 1678 1914 est
1687 1895 1700 1922 ,-
1722 1891 1758 1914 ut

1004 1930 1133 1960 ostendit
1166 1928 1332 1960 Lambinus
1360 1938 1397 1957 ex
1427 1926 1596 1958 Aristotelis
1623 1925 1758 1958 Poetica.

1008 1973 1123 2005 Chorus
1129 1983 1189 2002 non
1197 1976 1352 2002 mutarum
1360 1971 1559 2001 Personarum
1570 1974 1654 2000 actus
1662 1968 1761 2010 defen-

1006 2017 1069 2053 dat,
1097 2016 1147 2046 scd
1171 2015 1261 2046 unius
1287 2014 1439 2056 suscipiat.
1482 2011 1553 2043 Vet.
1569 2011 1674 2044 Schol.
1718 2010 1758 2045 Β.

1005 2058 1140 2089 Turneb.
1163 2057 1240 2089 Adv.
1266 2064 1315 2091 19.
1335 2063 1365 2090 9.
1391 2056 1530 2087 Auctoris
1544 2055 1627 2098 legit.
1670 2054 1760 2086 Certe

1005 2101 1079 2132 tales
1094 2108 1163 2132 sunt
1178 2100 1324 2131 interdum
1346 2098 1430 2130 chori
1444 2098 1662 2141 Aristophanis.
1698 2097 1761 2131 Sed

1007 2145 1124 2176 Actoris
1136 2151 1215 2175 recte
1230 2154 1334 2174 omnes
1345 2143 1460 2184 reliqui.
1482 2142 1522 2173 G.

1053 2187 1252 2232 officiumque
1274 2186 1382 2224 virile,·
1404 2185 1436 2217 h.
1457 2197 1485 2217 e.
1510 2186 1601 2216 unius
1628 2185 1694 2223 viri,
1715 2183 1762 2216 vel

1007 2231 1154 2263 Personae.
1178 2229 1228 2261 Sic
1240 2238 1270 2261 et
1284 2229 1408 2260 Ovidius
1419 2227 1623 2270 Metamorpb.
1639 2233 1671 2260 3.
1690 2235 1762 2262 189.

1012 2275 1190 2315 Vultumque
1204 2274 1323 2305 virilem
1337 2272 1487 2314 Perfida,
1502 2282 1555 2314 pro
1569 2272 1638 2302 viri.

1056 2325 1116 2351 194
1136 2316 1283 2358 Defcndat
1291 2329 1304 2355 ‚-
1326 2323 1451 2354 tutetur,
1465 2314 1582 2357 agendo
1594 2320 1696 2345 servet.
1722 2312 1768 2346 B-

1010 2360 1080 2392 Vid.
1096 2359 1160 2391 Sat.
1179 2368 1206 2391 1.
1225 2367 1274 2391 10.
1294 2366 1342 2391 12.
1384 2358 1482 2401 Epist.
1498 2365 1530 2389 2.
1547 2366 1574 2389 1.
1594 2363 1664 2393 171.
1686 2356 1728 2388 G.

1056 2404 1217 2435 Intercinat
1225 2415 1240 2442 ,-
1262 2404 1339 2434 inter
1353 2413 1454 2433 scenas
1469 2401 1594 2432 canebat
1604 2399 1730 2431 Chorus.

1057 2450 1118 2480 196
1133 2447 1256 2485 Faveat,
1271 2445 1404 2489 plaudat,
1418 2444 1450 2476 h.
1463 2456 1489 2477 e.
1504 2444 1605 2475 laudes
1615 2444 1763 2475 bonorum

1012 2491 1100 2522 dieat.

1061 2539 1117 2570 197
1137 2534 1232 2574 Rogat
1242 2545 1255 2571 ;
1270 2539 1411 2573 tanquam
1419 2531 1542 2562 rationis
1551 2529 1645 2561 fraeno
1655 2528 1764 2560 flectat.

1057 2577 1147 2608 Amet
1159 2586 1268 2619 pacare
1282 2580 1425 2606 tumentes
1433 2587 1446 2614 ,·
1470 2576 1511 2605 ita
1530 2585 1561 2604 m
1621 2583 1656 2603 us
1669 2570 1766 2603 Bent-

1014 2620 1089 2652 leius
1103 2630 1157 2662 pro
1172 2624 1251 2651 amet
1267 2628 1389 2662 peccare
1403 2618 1545 2649 tinaentes.
1618 2615 1673 2646 ella
1686 2612 1768 2645 Her-

1016 2663 1082 2695 cule
1093 2662 1272 2700 emendatio,
1294 2662 1357 2692 sola
1372 2662 1436 2692 nisa
1450 2661 1618 2701 conjectura
1636 2658 1766 2699 propria,

1394 2695 1434 2735 B.
1476 2702 1549 2735 Non
1564 2701 1626 2731 sine
1641 2702 1767 2731 auctori-

1501 2744 1562 2777 Sed
1577 2742 1652 2774 mihi
1668 2751 1767 2774 tamen

1017 2715 1047 2738 et
1071 2707 1184 2737 ratione
1198 2717 1267 2737 cum
1282 2705 1372 2735 nulla.

1016 2750 1074 2780 bus
1089 2756 1211 2781 conatus
1235 2756 1280 2779 est
1294 2746 1458 2779 Bentleius.

1019 2794 1110 2824 nimis
1134 2792 1276 2823 amabiles
1300 2790 1437 2821 videntur
1468 2798 1589 2831 peccare
1623 2787 1768 2825 timentes,

1018 2847 1107 2879 quam
1123 2842 1157 2866 ut
1169 2846 1220 2866 eos
1233 2834 1305 2865 hinc
1319 2833 1449 2864 exsulare
1462 2831 1561 2862 velim.
1583 2829 1624 2860 G.

1063 2886 1126 2911 200
1143 2879 1197 2909 lue
1208 2882 1287 2918 tegat
1295 2889 1310 2915 ;
1332 2875 1364 2906 h.
1380 2886 1407 2906 e.
1421 2882 1521 2917 tegere
1535 2873 1647 2904 doceat.

1060 2929 1121 2954 201
1138 2922 1282 2958 Fortuna,
1295 2918 1400 2960 supple
1411 2926 1561 2960 prospera.

1062 2971 1123 2996 202
1141 2964 1226 2994 Tibia
1238 2973 1309 2999 non,
1324 2966 1359 2992 ut
1373 2972 1454 2991 nunc
1463 2973 1477 2999 ;
1491 2959 1679 3003 Praeceptum
1690 2959 1771 2991 deci-

1020 3018 1104 3039 mum
1118 3007 1291 3049 septimum,
1303 3003 1355 3037 De
1369 3003 1500 3036 Musica.
