1950 3626
532 338 575 381 J.
615 336 678 380 M.
722 336 1019 379 GESNERI
1063 334 1426 379 PRAEFATIO.
1678 335 1754 378 xiii

219 462 405 512 Horatii
439 464 598 522 verba,
622 462 932 527 ordinemque
963 471 1252 528 poematum,
1278 470 1333 510 ut
1360 478 1420 510 ea
1451 478 1510 510 ex
1546 461 1752 528 antiquis

216 547 346 596 libris
369 548 431 596 ad
455 565 541 596 nos
568 564 838 612 pervenere.
912 548 970 596 In
992 547 1219 597 varietate
1248 545 1478 606 lectionis,
1505 563 1650 609 quam
1684 547 1753 595 al-

215 641 365 681 teram
388 633 549 702 dotem
583 631 802 681 editionis
832 640 1004 681 nostrae
1030 632 1253 680 volebam
1282 646 1400 691 esse,
1435 629 1632 679 modum
1657 647 1754 680 ser·

212 728 328 766 vare
351 734 462 767 eum
488 718 616 767 volui
638 717 873 782 equidem,
906 734 1049 782 quem
1074 717 1307 782 optimum
1338 715 1452 765 mihi
1476 714 1637 776 videri,
1677 732 1754 764 su-

216 817 305 865 pra
326 801 541 850 indicavi.
616 801 873 861 Notarum‚
902 801 1074 865 quibus
1095 818 1155 850 ea
1175 801 1223 849 in
1247 817 1300 849 re
1323 818 1438 850 usus
1464 817 1584 860 sum,
1604 799 1754 864 expli·

215 885 450 934 cationem
479 885 650 935 deinde
675 902 865 950 ponam,
891 893 941 934 et
962 886 1131 934 eadem
1153 884 1376 934 indicabo
1410 884 1585 933 auxilia
1612 885 1753 949 hujus

215 970 446 1030 editionis,
473 987 735 1034 eorumque
752 978 981 1018 auctores.

285 1055 496 1112 Qualem
530 1063 747 1119 optarem
790 1053 1228 1123 interpretationem
1267 1052 1473 1113 Horatii,
1510 1052 1560 1101 id
1595 1052 1754 1117 ipsum

216 1155 408 1202 quoque
423 1155 567 1202 supra
588 1138 788 1199 ostendi,
809 1154 1011 1202 eamque
1031 1138 1259 1187 rationem
1284 1155 1371 1203 pro
1392 1137 1511 1187 virili
1528 1150 1663 1202 parte
1682 1155 1756 1187 se-

218 1231 354 1270 cutus
379 1239 498 1270 sum.
572 1222 703 1271 Bene
722 1221 848 1270 dicta
866 1224 928 1270 ab
957 1221 1162 1285 antiquis
1186 1222 1451 1271 scholiastis
1473 1232 1523 1271 et
1547 1222 1755 1271 Baxtero

220 1322 316 1354 non
341 1323 462 1369 opus
480 1307 719 1354 habebant
740 1321 849 1354 mea
870 1305 1255 1355 confirmatione:
1295 1306 1334 1354 si
1351 1306 1465 1371 quid
1490 1323 1626 1356 secus
1649 1323 1755 1356 sen-

218 1390 373 1449 tirem,
394 1390 440 1437 in
462 1390 517 1437 iis
540 1388 671 1448 locis,
698 1388 780 1452 qui
805 1398 1099 1437 momentum
1124 1389 1319 1453 aliquod
1341 1392 1518 1441 habere
1540 1391 1756 1441 videren-

215 1482 307 1533 tur,
333 1473 534 1522 indicavi
563 1471 735 1520 libere:
773 1481 983 1521 ceterum
1015 1472 1090 1521 hie
1121 1490 1308 1533 moneo,
1330 1475 1515 1524 silentio
1545 1493 1623 1525 me
1646 1493 1754 1526 meo

216 1574 312 1606 non
332 1558 536 1621 probare
558 1556 763 1604 voluisse
781 1556 1073 1621 quidquam3
1111 1557 1193 1605 sed
1220 1558 1288 1607 uti
1310 1558 1370 1607 de
1393 1559 1509 1608 meis
1532 1562 1756 1611 observa-

216 1640 439 1701 tionibus,
473 1640 539 1689 ita
571 1640 631 1688 de
664 1640 958 1689 Baxterianis
1001 1641 1236 1708 integrum
1274 1643 1439 1692 lectori
1474 1644 1752 1709 relinquere.

216 1724 389 1789 Itaque
412 1724 599 1789 iniquus
622 1725 775 1785 fuerit,
799 1725 838 1774 si
859 1725 964 1790 quis
985 1742 1153 1793 cogere
1178 1743 1255 1775 me
1276 1727 1388 1776 velit
1406 1728 1465 1776 ad
1484 1730 1756 1793 praestanda

216 1808 391 1870 omnia,
425 1826 533 1873 quae
562 1809 632 1857 vir
655 1809 954 1858 doctissimus
984 1810 1155 1874 posuit.
1229 1810 1471 1873 Ceterum,
1498 1814 1626 1878 quod
1648 1815 1753 1880 jam

214 1893 361 1954 innui,
381 1911 488 1943 eam
507 1893 603 1942 suis
627 1902 700 1942 est
716 1893 892 1943 meritis
911 1894 1183 1959 opinionem
1203 1906 1484 1947 consecutus
1504 1898 1753 1961 Baxterus,

215 1987 269 2026 ut
289 1993 444 2042 neque
467 1995 577 2027 cum
600 1978 701 2027 sine
726 1988 850 2028 teste
873 1979 921 2027 in
939 1995 991 2028 re
1008 1979 1275 2044 antiquaria
1297 1981 1520 2046 loquitur,
1549 1982 1668 2034 fides
1689 1984 1755 2034 illi

216 2071 396 2112 temere
418 2062 636 2130 neganda
660 2063 734 2111 sit.
1587 2116 1590 2118 ,

284 2146 344 2195 In
368 2146 627 2196 refutandis
644 2147 845 2196 aliorum
866 2146 1328 2212 interpretationibus
1352 2150 1588 2202 rarissime
1612 2145 1757 2203 oceu-

216 2238 355 2293 patus
372 2231 462 2290 fui3
489 2230 601 2279 satis
616 2231 760 2279 habui
780 2231 826 2280 in
841 2231 896 2279 iis
915 2232 1048 2293 locis,
1069 2251 1176 2298 quae
1194 2250 1290 2282 non
1313 2244 1440 2284 recte
1459 2244 1662 2286 tmctata
1679 2256 1754 2288 ar-

186 2324 203 2331 *
219 2313 379 2374 bitror,
405 2331 512 2362 eam
538 2330 714 2377 ponere
737 2315 1032 2375 sententiam,
1059 2334 1167 2381 quae
1198 2335 1311 2368 vera
1334 2320 1449 2368 mihi
1471 2322 1656 2376 videtur
1677 2326 1753 2374 vel

218 2406 345 2446 certe
365 2397 466 2446 aliis
490 2397 794 2462 probabilior.
868 2399 917 2446 Si
940 2400 1055 2463 quid
1080 2402 1195 2450 mihi
1215 2403 1364 2452 invito
1386 2405 1628 2468 exciderit,
1656 2424 1754 2472 quo

215 2481 290 2530 vel
321 2480 484 2548 religio
520 2481 568 2531 in
593 2482 757 2531 Deum
787 2483 1001 2544 laedatur,
1030 2487 1106 2534 vel
1129 2487 1410 2550 humanitas,
1430 2489 1547 2540 illud
1570 2508 1631 2541 ne
1654 2493 1754 2544 dic·

217 2573 319 2614 tum
334 2566 457 2625 vole,
480 2575 530 2614 et
553 2582 662 2615 mea
677 2567 857 2631 primus
876 2569 1109 2620 sententia
1126 2571 1249 2621 ultro
1271 2573 1462 2625 damno·

216 2717 339 2756 scrib.
358 2716 554 2768 Gottingae
573 2729 623 2756 xx
632 2730 686 2756 11.
702 2717 789 2768 Cal.
811 2718 957 2760 Octob.

467 2799 699 2828 cmmccn.
