1950 3626
193 369 292 413 xviii
377 369 463 414 DE
491 370 874 416 TEMPORIBUS
902 371 1220 417 LIBRORUM
1249 372 1514 429 HORATII,
1547 375 1626 416 διο.

197 497 395 548 cessisse
418 507 629 549 testatur.
702 500 852 566 Atqui
875 500 989 551 nihil
1015 500 1271 567 quicquam
1306 501 1382 551 hic
1405 502 1466 551 de
1490 499 1742 550 Saeculari-

198 580 284 632 bus
305 583 427 633 ludis
450 584 692 648 proditur;
718 585 803 635 sed
827 595 912 635 aut
931 586 990 636 ad
1016 586 1189 636 Dianae
1207 594 1291 635 aut
1314 584 1550 651 Apollinis
1569 585 1741 634 festum

196 675 395 731 spectat,
413 685 617 732 quorum
631 669 747 719 illud
764 686 928 720 mense
942 670 1177 738 Auguste,
1196 671 1286 721 hoc
1298 671 1326 720 J
1334 670 1430 720 ulio
1448 669 1640 736 singulis
1659 685 1743 717 an·

197 748 269 800 nis
288 752 634 803 celebrabatur.
679 754 865 804 Eodem
886 755 1089 820 pertinet
1104 754 1283 805 Catulli
1297 771 1489 805 carmen
1505 752 1738 804 XXXV.

197 835 379 887 Dianae
400 854 561 888 sumus
584 839 633 887 in
637 838 744 905 fide
758 859 779 899 ;
813 841 943 904 quod
970 839 1208 890 Saeculare
1235 839 1380 889 etiam
1405 856 1435 887 a
1456 838 1566 888 viris
1589 836 1742 887 doctis

196 922 401 988 pessime
433 922 734 982 inscribitur3
772 941 882 973 cum
919 924 1031 972 nihil
1070 923 1135 973 ibi
1171 923 1233 972 de
1269 923 1456 974 Saeculo
1492 924 1739 982 habeatur,

194 1006 332 1073 isque
372 1008 451 1057 diu
492 1007 617 1057 diem
660 1007 830 1057 obierit
871 1017 982 1057 ante
1029 1008 1167 1057 ludos
1213 1007 1420 1076 Augusti
1463 1007 1738 1057 Saeculares.

193 1091 322 1143 Tum
347 1101 396 1142 et
421 1092 491 1142 ΙΙ.
526 1100 597 1149 17.
636 1092 717 1141 Ad
746 1091 1067 1142 Maecenatem
1094 1101 1339 1158 aegrotum,
1372 1091 1568 1141 immani
1605 1109 1743 1157 para·

195 1176 463 1226 chronismo
487 1176 549 1226 ad
589 1175 778 1225 Horatii
812 1193 989 1224 annum
1017 1175 1123 1223 LV.
1153 1176 1279 1223 ultra
1313 1175 1421 1224 libri
1442 1175 1600 1240 quarti
1623 1184 1743 1224 tem·

195 1277 316 1325 pora
350 1261 599 1327 ablegant;
638 1259 781 1324 idque
819 1259 910 1307 levi
946 1267 995 1308 et
1030 1258 1152 1308 futili
1191 1268 1485 1326 argumento,
1525 1260 1655 1324 quod
1685 1275 1745 1309 eo

195 1361 322 1394 anno
347 1345 572 1395 continua
595 1343 830 1393 insomnia
858 1342 1018 1392 vexari
1044 1342 1244 1407 coeperit
1270 1342 1518 1392 Maecenas
1541 1342 1745 1394 triennio

194 1437 307 1478 ante
345 1428 483 1478 diem'
513 1428 705 1478 fatalem
724 1446 738 1489 ;
776 1426 912 1493 quasi
946 1443 1059 1476 vero
1099 1442 1194 1476 non
1231 1427 1339 1491 plus
1374 1428 1522 1476 semel
1560 1427 1608 1475 in
1643 1436 1743 1477 tam

193 1513 338 1580 longa
361 1513 458 1562 vita
481 1511 789 1579 aegrotaverit,
816 1527 960 1575 quem
989 1509 1172 1560 Plinius
1202 1511 1356 1576 major
1379 1510 1504 1560 VII.
1530 1518 1611 1561 51.
1629 1521 1743 1576 per-

186 1606 335 1663 petua
337 1593 489 1664 fibre
512 1598 573 1645 ab
599 1593 921 1644 adolescentia
942 1594 1184 1643 laborasse
1207 1594 1414 1644 tradidit.
1476 1593 1604 1644 Illud
1629 1611 1743 1645 vero

194 1681 243 1730 in
266 1681 496 1731 Sermone
520 1679 614 1729 VI.
640 1678 746 1728 libri
765 1688 811 1731 2.
863 1678 995 1734 Quid
1001 1678 1030 1727 ?
1053 1677 1279 1728 militibus
1292 1679 1526 1743 promissa
1550 1679 1598 1729 T
1590 1679 1744 1747 rique·

195 1773 279 1815 tra
302 1764 505 1814 Praedia
527 1761 707 1823 Coesar,
749 1779 813 1812 an
835 1771 906 1812 est
930 1761 1064 1812 Itala
1090 1764 1259 1812 tellure
1274 1764 1478 1813 daturus
1493 1765 1521 1814 ,9
1555 1781 1665 1825 non,
1692 1774 1747 1815 ut

193 1849 374 1909 volunt,
401 1849 462 1898 ad
487 1865 696 1915 pugnam
730 1846 977 1896 Actiacam
1009 1859 1283 1911 annumque
1316 1847 1475 1898 Flacci
1507 1849 1740 1900 XXXV.

194 1932 493 1983 referendum
517 1940 633 1991 erat,
661 1947 749 1981 nec
783 1931 843 1981 ad
872 1930 1228 1996 Philippensem
1261 1949 1498 1982 annumve
1532 1934 1740 1984 XXIV.

195 2017 376 2083 quippe
398 2017 459 2066 de
483 2032 703 2083 agrorum
728 2014 956 2065 divisione
979 2015 1056 2065 hic
1081 2016 1247 2083 agitur,
1272 2034 1379 2081 quae
1405 2027 1516 2083 post
1532 2018 1743 2069 Siculam

195 2102 256 2152 de
283 2101 518 2167 Pompeio
540 2100 787 2151 victoriam
811 2109 860 2150 et
892 2100 1064 2166 Lepidi
1088 2100 1374 2151 deditionem
1399 2101 1448 2150 in
1474 2101 1744 2168 Campania

193 2186 403 2251 alibique
434 2186 563 2235 facta
589 2193 675 2246 est,
702 2201 829 2234 anno
862 2184 1020 2234 Flacci
1051 2185 1260 2235 XXXI.
1287 2195 1342 2235 ut
1375 2186 1560 2237 disertis
1583 2188 1741 2238 verbis

194 2279 354 2321 narrat
378 2269 479 2320 Dio
514 2286 619 2336 pag.
652 2270 768 2323 456.
795 2278 911 2329 457.
941 2269 1225 2320 Plutarchus
1255 2270 1468 2320 Antonio
1492 2288 1598 2339 pag.
1620 2281 1737 2331 941.

195 2354 474 2406 Paterculus
500 2353 572 2403 ΙΙ.
598 2362 676 2407 81.
703 2362 753 2404 et
770 2353 1022 2419 Appianus
1047 2370 1094 2419 p.
1130 2356 1268 2409 1176.
1328 2353 1439 2404 Alia
1456 2355 1619 2406 omnia
1634 2359 1744 2424 pari

195 2440 418 2492 felicitate
441 2438 633 2489 refutari
658 2447 880 2505 possent;
918 2438 1003 2488 sed
1022 2438 1095 2488 his
1118 2438 1275 2489 fruere
1297 2447 1347 2488 et
1364 2439 1484 2488 vale.
