1950 3626
562 340 618 387 Q·
656 339 943 384 HORATII
983 341 1222 385 FLACCI
1262 343 1429 386 VITA.
1658 359 1766 387 xxxv

232 481 436 529 suraque
470 477 701 531 perpetuo
737 468 960 533 opinatus
994 477 1079 527 est,
1120 476 1174 517 ut
1204 485 1301 517 non
1342 468 1487 517 modo
1526 470 1762 521 Saeculare

230 548 438 598 Carmen
461 552 843 615 componendum
864 551 1128 617 injunxerit,
1150 552 1234 601 sed
1258 561 1307 600 et
1331 552 1628 602 Vindelicam
1647 555 1762 604 Vic-

228 632 441 682 toriam*
464 635 642 684 Tiberii
676 637 920 701 Drusique
950 636 1273 703 Privignorum
1297 653 1518 696 suorum3
1554 653 1760 701 eumque

226 717 436 784 coegerit
459 728 654 784 propter
691 722 797 781 hoc,
823 721 999 770 Tribus
1023 720 1302 770 Carminum
1332 719 1487 770 Libris
1525 736 1585 769 ex
1621 722 1763 787 longo

224 799 470 851 intervallo
500 804 745 861 *Quartum
781 806 984 866 addere;
1022 816 1131 870 post
1170 806 1422 854 Sermones
1464 822 1575 855 vero
1614 807 1763 855 lectos

225 886 474 949 quosdam,
498 889 679 937 nullam
703 890 775 938 sui
801 890 1087 939 mentionem
1110 889 1335 948 habitam,
1364 889 1430 937 ita
1453 890 1514 939 sit
1540 899 1760 953 questus:

227 969 421 1020 Iratum
434 974 467 1036 †
501 989 572 1021 me
611 972 698 1021 tibi
739 973 867 1033 scito,
909 966 1039 1041 quod
1062 991 1156 1022 mm
1195 974 1246 1021 iu
1274 973 1512 1040 plerisque
1543 974 1764 1038 ejusmodi

222 1057 413 1122 scriptis
434 1073 607 1106 mecum
632 1057 926 1123 potissimum
947 1057 1166 1124 loquaris.
1239 1057 1323 1105 An
1345 1059 1524 1107 vereris
1547 1075 1605 1108 ne
1639 1059 1768 1123 apud

214 1148 427 1204 posteros
461 1139 636 1207 iaegf'ame
675 1142 740 1190 sit
769 1142 891 1208 quod
925 1141 1131 1191 videaris
1148 1138 1422 1207 familiaris
1460 1142 1591 1192 nobis
1627 1144 1763 1194 esse?

222 1225 549 1290 expressitque
573 1226 801 1293 Eclogam
816 1225 849 1292 ‡
871 1228 1005 1291 cujus
1027 1225 1213 1275 initium
1237 1235 1338 1275 est:

422 1375 544 1429 Cum
568 1378 889 1431 tot'sustineas
911 1386 958 1426 et
980 1387 1120 1427 tanta
1141 1379 1329 1444 negotia
1348 1380 1488 1440 solus,
1532 1380 1536 1382 ’

418 1461 521 1512 Res
540 1461 696 1513 Italas
712 1463 861 1531 armis
884 1463 1071 1523 tuteris,
1097 1463 1302 1517 moribus
1324 1481 1471 1523 ornes,

418 1544 630 1612 Legibus
650 1549 866 1607 emendes,
894 1548 942 1596 in
955 1548 1146 1612 publica
1169 1549 1399 1597 commoda
1411 1561 1609 1613 peccem,

421 1629 479 1679 Si
497 1632 632 1698 longo
654 1649 861 1682 sermone
883 1614 1040 1698 morer
1062 1642 1147 1681 tua
1171 1641 1393 1698 tempora,
1417 1630 1599 1682 Caesar.

219 1777 402 1831 Habitu
426 1783 638 1848 corporis
661 1783 816 1834 brevis
851 1782 940 1832 fuit
970 1792 1115 1848 atque
1146 1785 1345 1843 obesus3
1383 1782 1536 1847 qualis
1560 1790 1610 1831 et
1632 1798 1662 1830 a
1685 1798 1759 1854 se·

215 1867 419 1931 metipso
442 1867 490 1922 in
525 1867 742 1935 Satyris§
775 1868 1067 1927 describitur,
1093 1878 1143 1917 et
1176 1870 1238 1916 ab
1264 1868 1484 1935 Augusto
1521 1869 1612 1917 hac
1644 1866 1761 1932 Epi-

214 1950 365 2010 stola;
396 1950 619 2001 Pertulit
639 1953 705 2002 ad
722 1970 793 2002 me
815 1952 1076 2019 Dionysius
1098 1952 1301 2002 libellum
1325 1961 1473 2012 tuum,
1499 1968 1634 2019 quem
1656 1968 1756 2018 ego,

211 2050 271 2082 ne
291 2050 498 2084 accusem
532 2035 826 2097 brevitatem,
854 2037 1289 2104 quantuluscunque
1310 2046 1393 2096 est,
1423 2036 1529 2085 boni
1558 2036 1754 2085 consulo.

219 2117 387 2168 Vereri
403 2129 560 2169 autem
583 2120 698 2169 mihi
719 2121 908 2181 videris,
935 2138 992 2169 ne
1015 2121 1214 2186 mqjores
1231 2118 1371 2169 libelli
1390 2121 1465 2170 tui
1476 2120 1588 2181 sint,
1617 2136 1758 2188 quam

216 2202 310 2266 ipse
329 2211 391 2252 es.
427 2234 443 2245 ι
462 2203 559 2254 Sed
576 2204 618 2252 si
649 2203 737 2253 tibi
769 2214 964 2254 statura
996 2206 1133 2263 deest,
1159 2207 1481 2270 corpusculum
1502 2222 1594 2254 non
1616 2207 1753 2255 deest.

218 2274 393 2353 Itaque
415 2287 567 2336 licebit
590 2288 638 2335 in
672 2289 924 2338 sartariolo
958 2288 1202 2352 scribasffs,
1229 2307 1334 2339 cum
1365 2290 1594 2339 circuitus
1627 2290 1755 2339 'colu-
1785 2280 1794 2285 ”

265 2422 291 2446 ⁴*
316 2421 668 2462 wd.od.4.4.et
690 2428 751 2462 14.
781 2423 916 2461 em.
947 2395 953 2398 ’

319 2494 446 2532 Irasci
463 2494 515 2533 al.

266 2499 292 2612 ἶ
313 2565 485 2617 Elogium
512 2564 564 2603 al.
594 2564 709 2611 male,
738 2572 847 2616 puto·
904 2565 973 2603 Est
993 2570 1122 2604 autem
1147 2565 1295 2616 Ecloga
1323 2579 1352 2603 s.
1373 2565 1551 2617 Epistola
1575 2565 1665 2604 libri
1693 2579 1751 2604 se-

211 2635 329 2674 cundi
350 2636 466 2687 prior.
517 2635 652 2675 Gnsx.

266 2709 284 2755 ξ
315 2707 418 2745 Hinc
438 2714 589 2745 constat
606 2713 646 2744 et
666 2704 859 2758 Epistolas
878 2705 993 2744 fuisse
1021 2705 1115 2744 olim
1135 2719 1206 2757 pro
1226 2706 1384 2759 Satyris.
1431 2707 1568 2746 BaxT.
1616 2705 1751 2758 Respi-

209 2780 297 2815 cer'e
316 2778 419 2815 enim
438 2777 591 2816 videtur
611 2776 734 2828 Epist.
759 2780 791 2815 1.
811 2782 850 2816 4.
870 2784 972 2832 extr,
1027 2776 1157 2816 GEsN.

226 2898 233 2903 1
265 2852 297 2893 π
328 2848 468 2895 Nemo,
488 2848 593 2900 quod
612 2847 747 2895 sciam,
768 2861 894 2899 neque
913 2847 1064 2899 quaerit,
1084 2861 1209 2900 neque
1229 2848 1355 2896 docet,
1379 2848 1474 2900 quid
1492 2848 1542 2887 sit
1566 2848 1607 2887 in
1624 2854 1748 2887 sma-

210 2918 301 2957 riolo
314 2920 481 2958 scrihere.
539 2919 642 2956 Nam
666 2918 771 2970 quod
784 2919 926 2969 jubent
940 2931 1139 2970 correpere
1154 2931 1244 2957 cum
1260 2932 1331 2957 suo
1346 2919 1573 2971 aqualiculo
1593 2927 1747 2971 poetam

209 2989 311 3027 intra
327 2989 593 3036 sextariolum,
613 2998 799 3042 tanquam
820 2989 860 3028 in
880 2988 1062 3027 lecticam
1080 2989 1402 3038 lucubratoriam,
1422 2990 1502 3030 sive
1520 2989 1748 3039 Cabinetmn‚

930 3068 1012 3111 c2
