1950 3626
506 750 814 837 METRA
864 778 1419 837 HORATIANA.

587 1001 667 1046 Ch.
696 1002 820 1045 Wase
850 1001 1067 1045 Ambrosio
1095 1000 1321 1045 Bonwicke

899 1208 941 1250 S.
973 1207 1015 1251 S.

196 1433 390 1475 AMIssos
409 1440 470 1474 tot
496 1432 636 1488 magni
656 1437 763 1475 inter
781 1429 949 1474 Graecos
968 1430 1147 1473 nominis
1160 1428 1323 1486 Lyricae
1338 1429 1509 1471 Poeseos
1533 1435 1730 1481 auctora,

194 1525 297 1552 unus
316 1509 433 1552 nobis
449 1511 646 1553 Horatius
666 1510 776 1563 facit,
796 1518 843 1551 ut
861 1509 993 1551 lenius
1012 1508 1298 1551 desideremus,
1356 1504 1518 1547 Placuit
1525 1503 1652 1559 igitur
1665 1517 1729 1545 se-

192 1584 295 1626 culis
314 1583 471 1640 ingenii
490 1583 602 1638 felix,
626 1584 806 1626 numeris
833 1583 1024 1626 curiosus.
1084 1581 1312 1625 Horatiana
1338 1585 1448 1622 certe
1475 1585 1605 1619 men-a
1623 1576 1730 1619 Dio-

193 1659 332 1701 medes
357 1667 400 1700 et
425 1659 583 1701 Marius
602 1658 850 1711 Victorinus,
878 1665 1028 1714 proeter
1050 1656 1239 1699 Plocium
1264 1662 1308 1696 et
1333 1652 1508 1695 Atilium
1528 1650 1729 1694 Fortuna-

193 1731 366 1787 tis-num,
408 1747 460 1775 ex
497 1733 675 1789 professo
713 1731 880 1788 posteris
925 1731 1128 1788 explicata
1164 1729 1428 1786 reliquerunt.
1506 1724 1730 1782 specimen

190 1807 414 1849 eonmdem
434 1807 478 1848 in
496 1808 662 1848 brevem
679 1807 872 1848 tabellam
892 1803 1126 1861 conjectum
1145 1802 1373 1847 continenti
1392 1800 1575 1844 carmine
1589 1800 1731 1843 Petro-

195 1880 302 1934 nius,
324 1880 503 1938 quisquis
523 1879 555 1922 is
576 1880 666 1933 fuit,
693 1882 806 1936 (nam
826 1879 925 1921 alios
940 1877 1122 1936 ejusdem
1142 1877 1322 1921 nominis
1340 1877 1421 1919 alia
1439 1884 1537 1919 aetas
1556 1876 1665 1930 tulit)
1685 1875 1731 1917 in

194 1957 338 2012 vulgus
365 1955 504 1999 edidit.
566 1955 632 1997 Ad
664 1954 771 1996 istud
802 1955 1038 2010 exemplum
1061 1940 1282 2008 magistr&
1297 1966 1471 2008 quorum
1502 1950 1731 2007 disciplinae

193 2030 310 2086 origo
334 2030 439 2072 mihi
465 2038 604 2072 tecum
637 2029 869 2071 communis
904 2028 991 2082 fuit,
1010 2036 1109 2085 quot
1137 2027 1374 2084 septimanis
1408 2034 1566 2069 mutato
1597 2026 1731 2078 titulo,

194 2119 270 2146 nos
296 2104 447 2147 tirones
472 2104 525 2146 ad
551 2102 810 2160 multijugam
838 2103 959 2159 Lyroe
992 2102 1155 2145 Latinae
1182 2101 1505 2144 modulationem
1537 2114 1731 2142 exercue-

197 2185 304 2220 runt.
362 2178 425 2220 Ita
443 2178 567 2220 velim
586 2177 667 2220 hoc
679 2177 840 2220 nomini
851 2185 923 2219 tuo
939 2176 1178 2233 inscriptum
1192 2175 1382 2232 accipiaS,
1393 2175 1449 2217 ita
1467 2174 1629 2227 tuearis,
1647 2188 1732 2216 non

199 2259 394 2307 tanquam
414 2251 579 2307 aliquod
591 2265 789 2307 magnum
809 2259 880 2293 aut
898 2262 1064 2304 novum,
1087 2251 1159 2293 sed
1178 2258 1224 2292 ut
1236 2250 1453 2306 indignum
1467 2248 1577 2306 quod
1594 2248 1639 2290 in
1658 2248 1731 2290 de-

196 2324 455 2366 suetudinem
486 2325 617 2376 abeat,
635 2339 734 2366 cum
766 2324 811 2366 in
841 2338 884 2365 se
915 2331 1074 2366 tantum
1107 2323 1256 2366 habeat
1286 2323 1532 2380 compendii.
1591 2322 1731 2365 Tuum

194 2398 272 2440 erit
290 2398 422 2440 vicem
455 2398 681 2453 Pasiphaes
711 2397 963 2449 substituere,
982 2398 1204 2453 Daphnen,
1224 2398 1498 2450 Phaethonta,
1519 2396 1732 2438 Cadmum.

202 2475 415 2519 Quantum
434 2471 666 2528 argumenti
684 2471 768 2513 veri
794 2480 864 2513 aut
883 2471 1055 2514 fabulosi
1074 2471 1243 2524 eminet,
1267 2470 1479 2512 materiam
1499 2468 1733 2526 suppedita-

197 2543 291 2601 bit}
315 2548 440 2590 modo
459 2561 512 2589 ne
532 2545 635 2588 doeit
653 2546 835 2588 afflatus:
897 2545 1019 2587 Ultro
1037 2544 1166 2601 rapiet
1183 2545 1290 2587 adse
1308 2539 1544 2601 generosam
1564 2544 1733 2586 urbanae

193 2620 418 2679 juventutis
438 2621 634 2673 indolem,
654 2619 698 2662 ni
722 2620 854 2672 fallor,
870 2619 1015 2662 artifex
1033 2619 1211 2678 pagina3
1241 2633 1324 2676 quo
1337 2618 1486 2661 rectius
1504 2617 1558 2660 ad
1580 2616 1734 2673 Dithy-

198 2691 386 2739 iambum]
402 2695 668 2738 contendam
734 2693 844 2737 Vale.
