1924 3458
634 347 1014 396 SERMONUM
1048 348 1163 391 Lm.
1200 348 1235 391 1.
1269 355 1309 392 7.

1647 356 1738 394 ³45·

688 637 1066 694 SATIRA
1122 637 1259 694 VII.

215 788 268 822 Ex
279 789 404 821 ridicula
417 789 510 820 Persii
525 787 703 820 Clazomenii
711 796 837 830 persona
851 788 887 819 P.
901 787 1057 829 Rupilium
1073 787 1180 827 Regem
1203 785 1416 817 Praenestirmm
1436 785 1633 817 adversarium
1646 797 1734 817 suum

308 833 386 863 cutit.
409 831 447 863 B.
488 831 671 862 Describitur
678 831 779 871 jocose
790 830 910 863 ridicula
923 831 1047 872 litigatio
1061 830 1137 860 inter
1146 827 1280 860 Persium
1294 828 1515 860 Clazomenium
1537 836 1567 859 et
1580 828 1734 870 Rupilium

251 841 481 911 Quantum,
499 873 593 904 Bruto
609 872 740 904 ‘Praetore
754 873 843 904 Asiae.
886 872 1025 914 Inprimis
1049 872 1159 902 ridetur
1180 871 1308 903 Graeculi
1330 871 1451 902 Asiatici
1475 871 1586 902 tumida
1608 871 1736 903 laudatio

257 915 344 949 Bruti
357 918 477 960 ejusque
490 917 642 954 comitum,
655 924 686 946 et
697 915 800 948 acerba
813 917 972 957 ineptaque
985 914 1197 953 maledicentia,
1211 925 1270 957 qua
1282 912 1477 947 Praenestinus
1490 915 1647 946 lacessitur.

386 1015 652 1058 Pnosempn
671 1014 796 1070 Regis
815 1013 959 1070 Rupili
977 1028 1050 1070 pus
1070 1022 1190 1070 atque
1208 1028 1412 1056 venenum

387 1088 523 1130 lbrida
542 1105 623 1145 quo
641 1096 761 1145 pacto
779 1088 831 1129 sit
848 1087 1004 1130 Persius
1024 1089 1144 1139 ultus,
1167 1087 1311 1143 opinor

385 1162 588 1203 Omnibus
608 1170 650 1203 et
667 1161 787 1217 lippis
808 1168 949 1202 notum
970 1167 1011 1202 et
1030 1160 1253 1202 tonsoribus
1273 1175 1369 1203 esse.

385 1234 542 1277 Persius
561 1235 629 1276 hic
648 1248 869 1291 permagna
889 1233 1050 1288 negotia
1069 1233 1178 1275 dives
1197 1234 1373 1275 habebat

302 1314 327 1350 5
386 1308 655 1361 Clazomenis,
679 1308 803 1349 etiam
822 1307 911 1348 lites
932 1321 1027 1348 cum
1047 1307 1161 1362 Rege
1181 1309 1394 1359 molestas3

384 1380 523 1424 Durus
539 1382 677 1434 homo,
696 1389 816 1437 atque
835 1380 928 1422 odio
947 1381 1018 1436 qui
1035 1387 1168 1435 posset
1185 1381 1345 1422 vincere
1363 1380 1548 1435 Regem3

368 1440 617 1507 confidens,
636 1454 895 1510 tumidusque
905 1469 919 1505 3
949 1453 1049 1494 adeo
1068 1453 1262 1495 sermonis
1281 1453 1421 1506 amari,

216 1570 236 1600 ς
258 1566 384 1600 nibrida
399 1569 439 1601 G.
455 1568 493 1599 z.
535 1568 794 1611 Hybridareziqui.

879 1573 897 1598 3
921 1565 1000 1597 haud
1025 1567 1112 1608 lippis
1133 1578 1206 1608 ωιῃ.
1222 1568 1322 1599 Faber.
1342 1576 1344 1581 ⁴
1371 1542 1373 1545 Ι

1409 1571 1425 1602 7
1450 1564 1636 1607 tumidusque
1650 1566 1738 1597 etiam

836 1610 874 1640 Z.
892 1610 961 1640 Ven.
980 1615 1070 1646 1479.
1085 1614 1138 1640 etc.

259 1758 275 1785 1
310 1753 482 1795 Proscripti,
510 1753 690 1783 condemnati
721 1762 742 1782 a
770 1752 954 1783 Triumviris.

214 1793 285 1838 Vct.
299 1794 400 1826 Schol.
446 1794 564 1836 Proprie
588 1796 761 1831 proscribere
785 1802 831 1825 est
853 1795 955 1839 yensle

235 1836 958 1922 mattwffissibelssffthtiugihmpdfflldg

216 1933 344 1965 quorum
357 1923 437 1953 bona
450 1923 683 1965 pumicabantur,
705 1930 735 1953 et
756 1933 882 1963 quorum
897 1933 958 1953 non

218 1975 284 1996 eom
353 1966 448 1995 ntium
463 1966 583 1996 nomina
596 1966 628 1996 in
649 1965 767 2006 publiea
779 1965 878 1996 tabula
890 1965 959 1996 ede-

217 2007 334 2038 bantur.
377 2008 416 2038 In
438 2008 568 2038 tabulam
592 2008 690 2049 Syllae
713 2008 740 2038 si
761 2009 859 2038 dicant
873 2009 959 2039 disci-

213 2051 286 2092 puli
310 2054 377 2080 tres.
417 2047 554 2080 Juvenal.
582 2057 614 2081 2.
643 2056 694 2081 28.
718 2049 756 2080 B.
810 2049 956 2092 Proscrip-

217 2092 331 2122 tionem
346 2091 444 2121 nescio
459 2102 548 2132 quam
570 2092 647 2122 bene
675 2091 724 2123 hic
739 2092 879 2132 objecerit
893 2092 956 2123 Ru-

217 2133 290 2207 pissip
311 2138 431 2207 83:1¹¹
425 2133 580 2207 earunssielp
606 2135 667 2184 ipse
692 2135 830 2185 partium.
869 2134 955 2166 Forte

549 2184 696 2207 victonam
726 2176 955 2208 Caesarmnorum

217 2219 336 2260 scripta,
350 2229 419 2248 cum
443 2187 537 2260 pffies
565 2218 651 2250 Bruti
673 2219 811 2259 objiceret
832 2219 957 2251 Horatio

217 2268 346 2303 recepto,
369 2268 502 2302 receptus
523 2262 584 2303 ipse
609 2261 761 2303 Rupilius:
784 2269 819 2292 ut
838 2261 957 2293 Tubero

218 2304 290 2334 olim
304 2302 433 2345 Ligario-
476 2302 526 2334 Sic
541 2310 636 2345 potest
661 2304 733 2334 ratio
746 2303 827 2334 reddi
841 2315 893 2334 cur
906 2316 958 2335 ex-

219 2354 294 2376 stare
308 2356 423 2376 carmen
438 2344 496 2376 hoc
510 2357 609 2388 passus
629 2347 666 2376 sit
687 2345 837 2377 Horatius·
852 2363 853 2366 =
879 2346 956 2378 Rem

218 2399 280 2419 non
293 2388 380 2429 plane
394 2396 542 2418 recentem
557 2388 754 2419 commendari
763 2389 902 2426 versibus,
914 2390 959 2431 ip-

216 2441 284 2461 sum
298 2430 447 2461 exordium
471 2430 606 2461 declarat.
647 2430 734 2461 Forte
761 2439 880 2473 negarat
893 2431 958 2463 Ru-

217 2473 316 2515 pilius,
331 2483 362 2503 se
377 2473 409 2503 in
423 2474 522 2503 castris
535 2473 621 2504 Bruti
633 2473 732 2504 fuisse.
755 2473 795 2504 G.

262 2516 387 2546 Publius
400 2516 540 2556 Rupilius
555 2517 722 2555 cognmnine
735 2516 809 2553 Rev,
824 2517 957 2547 Praeraes-

219 2558 311 2594 tinus,
326 2558 483 2589 commilito
487 2558 557 2598 fuit
571 2559 690 2590 Horatii
711 2559 743 2588 in
763 2559 865 2589 castris
880 2560 960 2590 Bru-

219 2601 264 2639 εἰς
287 2601 334 2631 hic
355 2600 541 2640 aegreferens
559 2603 636 2642 quod
650 2601 791 2632 Horatius
813 2601 960 2632 Tribunus

213 2647 303 2681 esset,
317 2652 394 2684 saepe
407 2643 617 2683 ignobilitatem
638 2644 752 2683 generis
775 2643 823 2674 illi
846 2642 960 2684 oly'icie-

220 2686 288 2716 hat.-
302 2686 408 2716 ideirco
421 2696 500 2716 nunc
514 2697 581 2717 eum
594 2697 630 2717 ex
638 2696 767 2729 persona
781 2687 902 2717 alterius
915 2688 961 2717 la·-

220 2732 307 2758 oerat.
326 2726 397 2758 Vet.
412 2726 514 2759 Schol.

262 2771 333 2801 Pus·
347 2775 433 2810 atque
446 2781 589 2802 venenum
600 2783 610 2802 .·
632 2772 847 2812 nwligm'tatem
871 2775 958 2812 atque

220 2811 351 2843 livorem.
372 2811 442 2844 Vet.
458 2811 560 2844 Schol.
603 2813 684 2845 Nam
704 2826 723 2845 a
745 2814 838 2845 lurore
852 2814 958 2844 veneni

219 2854 506 2887 nmlediei'dicuntur
519 2857 605 2898 nigri,
619 2864 654 2887 ut
677 2857 747 2888 alias
767 2856 956 2888 ostendimus.

222 2895 286 2926 Pus
311 2901 354 2928 est
376 2899 498 2938 sanguis
521 2900 573 2940 qui
599 2900 632 2930 in
661 2910 746 2931 carne
773 2901 957 2941 cmnputruit.

218 2927 290 3010 zet.
305 2937 404 2971 Schol.
429 2939 520 2983 Cruq.
545 2949 577 2972 et
602 2952 655 2984 per
682 2941 740 2973 hoc
763 2950 845 2973 vetus
868 2943 957 2974 etiam

253 2989 314 3010 cus.
489 2990 493 2997 ¹

263 3028 285 3055 2
305 3021 459 3057 Veteribus
473 3024 554 3058 Italis
575 3033 606 3059 et
626 3026 718 3059 Celtis
738 3029 848 3067 umber,
867 3027 958 3060 imber

995 1717 1027 1739 et
1046 1709 1117 1747 iher,
1138 1709 1271 1740 surculus
1285 1714 1347 1739 erat
1361 1707 1510 1744 insititius,
1536 1715 1571 1738 ut
1595 1715 1626 1739 et
1648 1707 1738 1739 hodie

995 1752 1195 1794 aboriginibus
1220 1752 1323 1789 nostris
1352 1752 1416 1793 imp
1443 1750 1594 1793 (German.
1623 1751 1738 1793 impfen

997 1795 1149 1836 inserere).
1191 1794 1273 1826 Hinc
1288 1801 1319 1825 et
1332 1793 1471 1836 bigenera
1485 1795 1586 1824 omnia
1600 1793 1738 1825 dicuntur
1774 1811 1777 1813 >

998 1838 1115 1874 Jbridae,
1130 1848 1184 1880 pro
1197 1848 1258 1879 quo
1272 1844 1405 1878 corrupte
1525 1837 1682 1878 HyIrridae,
1704 1843 1738 1867 ut

998 1880 1126 1911 ostendit
1140 1879 1218 1911 Smli
1238 1891 1270 1911 er
1284 1881 1316 1911 in
1326 1879 1416 1910 Notis
1429 1878 1467 1909 ad
1506 1889 1649 1919 arronem.
1682 1878 1739 1909 At-

998 1934 1057 1963 que
1082 1923 1123 1953 im
1141 1922 1208 1954 Ben
1231 1924 1294 1954 eius
1318 1921 1417 1952 edidit.
1459 1921 1532 1953 Erat
1552 1920 1669 1952 Persius
1683 1923 1738 1953 iste

998 1964 1203 1997 Clazomenius
1214 1965 1393 2007 parentibus,
1407 1963 1544 1995 Romano
1557 1972 1588 1995 et
1600 1964 1716 1996 Graeca.

1040 2013 1059 2039 3
1082 2006 1256 2039 Proverbiali
1277 2007 1426 2039 schemate
1449 2007 1571 2049 protulit
1590 2008 1695 2049 Lippis
1709 2010 1738 2038 et

998 2051 1167 2082 tonsoribus.
1211 2052 1321 2093 Lippos
1335 2057 1434 2081 autem
1448 2050 1519 2080 dicit
1540 2049 1663 2080 assiduae
1683 2060 1739 2092 po-

997 2093 1101 2123 tationi
1114 2103 1232 2135 operam
1246 2094 1360 2131 dantes,
1381 2099 1412 2123 et
1433 2093 1465 2123 in
1478 2092 1605 2123 tabernis
1623 2093 1739 2123 vinariis

997 2136 1141 2166 otiantes:
1183 2134 1389 2178 Theophrasto
1424 2136 1513 2166 etiam
1549 2136 1590 2166 τὰ
1624 2136 1737 2177 noverim

997 2176 1077 2209 ἄοινοι
1104 2178 1276 2209 dicebantur
1300 2177 1473 2219 συμπόσια,
1521 2177 1582 2208 uod
1610 2177 1738 2208 ostendit

997 2219 1144 2261 Cruquius
1173 2231 1210 2251 ex
1233 2219 1400 2251 Plutarcho
1421 2219 1460 2251 B.
1560 2220 1611 2249 lim
1641 2220 1737 2262 lippos

998 2263 1161 2305 intelligere
1174 2273 1242 2293 cum
1264 2261 1332 2293 Vet.
1347 2261 1450 2292 Schol.
1471 2262 1523 2302 qui
1536 2261 1636 2293 oculos
1649 2260 1737 2292 inunss

997 2305 1109 2347 gendos
1133 2311 1236 2335 curant
1261 2305 1293 2334 in
1317 2304 1480 2341 medicinis,
1504 2302 1536 2333 h.
1559 2315 1587 2334 e.
1612 2303 1737 2334 officinis

997 2347 1186 2378 medicorum.
1243 2345 1368 2377 Pulchre
1403 2345 1549 2376 advooevit
1583 2344 1736 2377 Bentleius

1000 2388 1138 2420 Plautum
1153 2388 1287 2431 Amphit.
1301 2397 1331 2419 4.
1349 2396 1377 2419 1.
1392 2395 1422 2419 3.
1466 2389 1548 2418 Nam
1561 2398 1660 2419 omnes
1667 2391 1737 2431 plaa-

999 2437 1060 2462 teas
1069 2432 1330 2474 perreptavi—in
1345 2431 1508 2468 medicinis,
1527 2431 1561 2461 in
1585 2432 1737 2462 tonstrinis

998 2482 1055 2504 etc.
1098 2473 1158 2504 Hic
1181 2474 1262 2504 enim
1286 2474 1357 2504 dum
1379 2473 1492 2511 sedent,
1515 2479 1546 2504 et
1568 2480 1738 2515 mpectnnt

998 2512 1123 2547 manuni
1134 2515 1251 2554 medici,
1274 2515 1388 2547 fabulas
1410 2522 1521 2553 serunt,
1542 2515 1675 2547 audiunt.
1694 2516 1737 2548 G.

1003 2559 1042 2600 [†
1057 2558 1096 2589 cf.
1110 2557 1241 2589 Dor-ville
1255 2558 1292 2589 ad
1305 2557 1417 2590 Charit.
1431 2569 1462 2600 p.
1480 2557 1564 2598 125]
1769 2578 1775 2591 ι

1041 2607 1062 2631 4
1083 2601 1160 2632 Erat
1174 2602 1250 2632 mim
1264 2602 1426 2642 negotiator
1439 2602 1521 2643 apud
1533 2600 1739 2635 Cimmerias..

999 2642 1069 2674 Vct.
1083 2642 1184 2674 Schol.
1199 2642 1290 2684 Cruq.
1332 2642 1406 2674 Vult
1415 2643 1568 2674 ostendere
1581 2641 1735 2674 hominem

999 2685 1088 2716 fuisse
1102 2685 1223 2726 alicujus
1234 2692 1313 2716 notae
1326 2685 1403 2727 apud
1415 2696 1494 2717 suos.
1514 2684 1553 2716 B.
1596 2686 1735 2726 Negotia,

996 2739 1042 2759 res
1055 2729 1240 2770 pemmiariae,
1262 2730 1395 2770 pecuniae
1416 2727 1521 2760 foenori
1543 2728 1656 2759 locatae.
1676 2726 1735 2760 vid.

996 2770 1070 2802 Ern.
1085 2770 1166 2802 Clav.
1181 2770 1314 2802 Ciceron.
1328 2782 1354 2801 v.
1369 2772 1537 2812 Negotium.
1558 2769 1598 2800 Z.

1041 2821 1058 2845 5
1081 2814 1225 2844 Molestus
1243 2814 1320 2852 lites,
1345 2815 1525 2857 importunus
1547 2812 1618 2844 dicit
1638 2811 1735 2856 utign-

997 2856 1092 2887 tiones
1107 2864 1138 2887 et
1218 2857 1324 2887 ’nuces
1502 2876 1505 2880 ·

1041 2902 1061 2929 6
1084 2899 1190 2930 Durus
1198 2898 1303 2930 dicitur
1316 2898 1473 2930 indomitus
1487 2904 1519 2929 et
1529 2895 1668 2936 effismis,
1681 2898 1734 2940 qui

999 2941 1109 2972 scilicet
1118 2941 1199 2972 flecti
1212 2942 1325 2983 nequit.

1042 2983 1540 3026 Odioe'stquodnsuseammovet,
1559 2981 1734 3024 et'perhoc

997 3026 1066 3058 ferri
1085 3027 1198 3071 nequit,
1218 3027 1259 3060 ob
1279 3027 1489 3063 mole-timet
1501 3025 1725 3063 insuavitatem}
