1950 3626
515 318 561 362 J.
603 318 668 361 M.
708 280 1404 361 GESNERIAPRAEFATIO.
1459 286 1465 292 ‘
1677 313 1721 356 ix

191 444 375 504 ratium,
405 446 533 509 quod
566 462 735 494 munus
767 445 1019 504 cumulate,
1054 453 1103 492 et
1132 444 1253 492 forte
1278 442 1400 505 pluS‚
1431 458 1574 504 quam
1600 458 1720 506 opus

190 538 304 589 erat,
340 529 407 578 illi
449 531 710 594 praestitum
744 529 972 588 arbitror;
1009 545 1153 593 quam
1197 536 1250 575 ut
1286 528 1347 574 ab
1379 524 1720 588 intempestivis

190 613 597 663 emendationibus
633 616 678 665 h.
719 630 763 664 e.
799 612 1179 678 corruptionibus
1214 611 1347 659 illum
1380 619 1551 670 tuerer,
1586 619 1637 658 et
1675 610 1723 657 in

190 708 366 747 statum
390 700 519 748 velut
541 717 680 748 suum
706 715 980 748 assererem.
1290 687 1292 689 ¹

261 785 376 842 Quo
414 785 572 849 plures
609 785 810 833 lectores
843 791 892 831 et
927 781 1162 831 studiosos
1191 779 1358 829 habuit
1395 778 1641 838 HoratiuS,
1667 795 1727 827 eo

192 870 351 934 plures
385 870 454 918 illi
480 870 621 918 etiam
655 886 825 917 manus
848 867 1103 916 admovere
1140 863 1429 914 emendandi
1457 880 1628 912 caussa
1651 880 1730 912 co-

193 954 292 1003 nati
305 964 427 1014 sunt,
449 972 543 1003 non
559 970 697 1018 aequo
717 968 954 1010 successu,
975 948 1189 999 dissimili
1202 948 1424 997 nimirum
1438 946 1530 1012 ipsi
1545 946 1732 1014 ingenio

193 1029 514 1103 doctrinaque.
589 1038 824 1105 Ingeniosi
849 1046 898 1086 et
929 1035 1099 1085 eruditi
1129 1035 1216 1083 viri
1247 1033 1336 1082 sibi
1369 1033 1663 1097 placuerunt,
1691 1032 1732 1081 si

194 1122 307 1187 quid
331 1125 610 1188 exsculpere
633 1132 828 1187 possent
845 1119 1076 1187 elegantia
1102 1118 1303 1180 Horatii,
1332 1126 1393 1167 *ut
1418 1117 1508 1182 ipsi
1536 1116 1733 1166 arbitra-

199 1208 383 1266 bantur,
412 1207 626 1274 dignius:
665 1206 747 1254 sed
773 1205 976 1270 primum
1001 1204 1117 1252 illud
1143 1205 1297 1267 ipsum
1319 1202 1568 1268 judicium,
1598 1203 1732 1260 Quid

197 1291 257 1339 sit
278 1291 325 1339 in
349 1291 576 1355 scriptore
601 1306 749 1354 prope
775 1289 843 1339 bis
871 1288 997 1336 mille
1027 1304 1256 1336 annorum
1285 1286 1579 1353 elegantius?
1615 1287 1734 1336 diffi-

198 1376 287 1423 cile
309 1384 382 1423 est
400 1385 448 1423 et
472 1375 538 1423 ita
561 1375 720 1423 multis
743 1391 870 1437 saepe
895 1373 1151 1422 rationibus
1180 1373 1460 1432 involutum,
1490 1381 1543 1421 ut
1567 1374 1735 1424 merito

197 1459 287 1507 hoc
312 1458 516 1506 maxime
539 1458 586 1506 in
609 1469 777 1525 genere
800 1474 897 1521 quo
917 1457 1023 1520 quis
1046 1466 1119 1506 est
1142 1457 1339 1517 doctior,
1375 1466 1509 1507 tanto
1546 1460 1737 1524 majoris

198 1542 442 1592 modestiae
462 1559 653 1591 caussas
672 1543 856 1591 habeat.

267 1626 333 1676 Et
363 1628 403 1676 si
434 1628 600 1676 demus
631 1626 740 1675 viris
771 1625 938 1685 doctis,
970 1626 1122 1691 (quod
1154 1642 1263 1673 curn
1296 1625 1549 1675 universim
1580 1628 1740 1693 negari

199 1723 394 1779 propter
411 1716 630 1764 humanae
655 1719 836 1764 riaturae
854 1723 903 1762 et
923 1713 990 1763 rei
1010 1713 1156 1778 ipsius
1177 1712 1496 1762 conditionem
1514 1729 1610 1762 non
1627 1717 1741 1778 'pos-

200 1800 274 1860 sit,
296 1809 455 1849 tamen
480 1799 526 1848 in
552 1800 643 1848 hoc
660 1800 733 1847 vel
757 1798 837 1846 illo
860 1798 968 1847 loco
993 1806 1187 1862 propter
1209 1814 1428 1847 caussam
1454 1798 1600 1847 modo
1622 1797 1741 1846 indi-

200 1893 357 1935 catam
380 1884 577 1934 concedi
609 1883 684 1932 vix
717 1900 773 1932 ac
796 1899 855 1932 ne
879 1882 955 1931 vix
980 1882 1172 1946 quidem
1208 1881 1384 1946 potest)
1409 1882 1538 1947 ipsos
1562 1882 1739 1947 aliquid

199 1969 431 2019 invenisse
455 1976 652 2033 accepta
672 1967 874 2017 lectione
900 1967 1080 2027 melius,
1100 1958 1340 2032 pulclirius
1358 1986 1371 2028 ;
1409 1985 1471 2016 an
1494 1967 1602 2016 ideo
1625 1968 1741 2016 illud

202 2055 357 2120 potius
380 2054 624 2119 scripsisse
655 2052 924 2111 Horatium,
951 2052 1220 2101 confectum
1245 2052 1349 2102 est?
1398 2051 1615 2102 Licuitne
1634 2053 1742 2101 dor-

201 2138 382 2199 mitare,
410 2138 667 2188 halucinari
685 2138 827 2187 etiam
852 2137 1087 2186 Horatio?

272 2223 404 2279 Quid
425 2222 664 2287 scripserit
688 2221 899 2282 Flaccus,
920 2239 979 2271 ea
1001 2222 1201 2286 quaestio
1230 2221 1454 2270 historica
1476 2231 1579 2270 est:
1616 2220 1663 2269 in
1687 2237 1741 2270 ea

186 2309 418 2370 *testibus,
456 2308 501 2355 h.
537 2324 578 2355 e.
622 2306 751 2355 libris
785 2306 1004 2370 antiquis,
1045 2306 1447 2355 consentientibus
1486 2306 1741 2370 praecipue,

207 2391 512 2451 credendum,
538 2389 766 2454 quamdiu
789 2389 879 2453 ipsi
903 2390 992 2438 sibi
1015 2390 1156 2439 fidem
1183 2407 1277 2439 non
1307 2392 1550 2456 abrogant,
1580 2406 1747 2453 quam-

205 2476 286 2523 diu
306 2491 401 2523 non
422 2475 586 2523 dicunt
604 2483 768 2537 aperte
789 2474 1111 2541 repugnantia.
1156 2474 1251 2522 Sed
1271 2474 1487 2523 videntur
1508 2473 1744 2522 interdum

207 2575 484 2626 repugnare,
513 2576 635 2622 quae,
662 2558 1007 2623 circumspecta
1030 2558 1117 2608 rite
1139 2559 1269 2607 omni
1301 2557 1668 2618 circumstantia,
1697 2556 1744 2605 in

206 2643 509 2694 concordiam
535 2652 735 2707 possunt
754 2643 901 2710 redigi
924 2660 998 2704 eo,
1020 2653 1073 2693 ut
1094 2643 1142 2692 in
1168 2642 1372 2703 musicis,
1392 2642 1744 2708 jucundiorem,

208 2729 334 2793 quod
360 2730 536 2777 habent
559 2727 737 2791 aliquid
763 2744 933 2795 pugnae
959 2728 1227 2777 admistum.
1296 2727 1404 2777 Tali
1437 2716 1615 2781 ὄὲὗμωεα
1650 2743 1747 2775 non

208 2814 458 2861 observata
478 2811 633 2861 fraudi
655 2811 785 2860 fuere
804 2829 897 2861 non
922 2829 1164 2877 nunquam
1191 2810 1406 2862 Bentleio
1424 2810 1569 2861 VaeC.
1594 2811 1744 2860 Serm.

209 2906 259 2952 9„
281 2907 328 2949 5.
353 2907 431 2956 79.
453 2906 503 2947 et
528 2905 633 2948 103.
709 2897 757 2946 Si
782 2898 896 2962 quid
921 2908 1081 2948 autem
1107 2898 1167 2949 sit
1190 2897 1348 2958 etiam,
1375 2896 1504 2961 quod
1530 2914 1559 2945 a
1581 2895 1748 2944 vitiosa
