1924 3458
587 351 970 398 SERMONUM
1006 350 1121 393 L113.
1156 350 1211 392 ΙΙ.
1247 357 1286 393 4.

1617 356 1701 396 411

352 469 457 510 Sunt
474 481 646 526 quorum
665 465 878 524 ingenium
898 479 1001 507 nova
1018 471 1178 506 tantum
1203 456 1379 504 crustula
1396 463 1558 518 promit.

350 540 619 596 Nequaquam
638 539 732 588 satis
752 539 796 581 in
815 553 858 580 re
876 553 959 586 una
978 550 1216 580 consumere
1236 550 1401 587 curam3

350 595 410 655 Ut
427 613 461 654 si
481 613 569 669 quis
588 615 720 655 solum
739 613 832 666 hoc,
856 614 964 655 mala
983 627 1035 654 ne
1055 611 1136 652 sint
1153 610 1261 662 vina,
1280 610 1447 661 laboret,

240 693 295 728 50

352 687 475 733 Quali
490 688 704 743 perfundat
717 687 847 743 pisces
866 701 1026 728 securus
1045 685 1163 727 olivo.

350 760 527 802 Massica
544 761 578 802 si
597 762 705 802 coelo
723 774 923 816 supponas
942 759 1036 800 vina
1054 772 1208 810 sereno,

353 834 576 887 Nocturna,
598 834 632 876 si
651 834 750 890 quid
768 833 888 875 crassi
902 840 974 885 est,
993 831 1225 873 tenuabitur
1238 845 1347 883 aura,

350 908 409 950 Et
427 909 596 950 decedet
613 908 712 950 odor
731 907 861 949 nervis
880 905 1094 957 inimicus3
1125 912 1166 946 at
1185 904 1255 946 illa

354 982 563 1036 Integrum
583 981 758 1036 perdunt
775 980 862 1022 lino
880 979 1018 1021 vitiata
1037 992 1231 1034 saporem.

241 1059 294 1095 55

354 1054 591 1096 Surrentina
609 1055 718 1095 vafer
737 1053 808 1109 qui
827 1053 972 1094 miscet
990 1053 1092 1094 faece
1112 1051 1285 1092 Falerna

355 1127 474 1178 Vina,
495 1126 731 1168 columbino
750 1126 896 1168 limum
915 1126 1020 1166 bene
1041 1124 1198 1179 colligit
1214 1138 1319 1176 ovo;

353 1200 564 1245 Quatenus
584 1199 668 1241 ima
685 1199 789 1255 petit
806 1200 968 1241 volvens
986 1198 1118 1240 aliena
1137 1197 1307 1239 vitellus.

353 1273 486 1315 Tostis
506 1279 755 1314 marcentem
775 1271 934 1328 squillis
954 1270 1151 1312 recreabis
1171 1278 1212 1311 et
1230 1271 1332 1312 Afra

352 1349 542 1393 Potorem
562 1348 730 1390 cochlea
741 1363 754 1399 3
785 1361 880 1388 nam
900 1349 1059 1388 lactuca
1078 1346 1234 1388 innatat
1252 1345 1337 1387 acri

244 1428 298 1463 60

355 1422 450 1464 Post
470 1422 611 1463 vinum
630 1421 862 1463 stomacho:
891 1435 1017 1476 perna
1036 1419 1165 1474 magis
1186 1433 1234 1461 ac
1254 1419 1383 1474 magis
1402 1419 1511 1461 hillis
1538 1453 1543 1458 .

356 1495 532 1550 Flagitat
550 1495 594 1536 in
613 1509 768 1536 morsus
787 1493 898 1535 refici
914 1512 926 1546 ;
958 1494 1058 1549 quin
1077 1493 1216 1535 omnia
1234 1492 1351 1534 malit

354 1567 623 1624 Quaecunque
639 1567 860 1610 immundis
880 1569 1035 1608 fervent
1054 1567 1164 1608 illata
1181 1566 1354 1622 popinis.

185 1687 225 1712 48
247 1682 316 1712 satis
330 1688 374 1712 est
387 1691 419 1711 re
433 1680 512 1713 Can.

621 1686 658 1718 ⁵7
683 1682 821 1723 quatinus
837 1682 941 1712 Lamh.

1048 1685 1086 1711 61
1111 1680 1266 1711 immorsus
1282 1681 1324 1712 G.
1339 1692 1359 1712 a
1374 1692 1467 1713 manu
1481 1683 1618 1720 secunda,
1640 1683 1716 1714 Zar-

812 1729 853 1755 62
875 1723 989 1754 fervunt
1007 1723 1085 1754 Cun.

230 1827 268 1858 47
297 1822 452 1859 Crustula,
467 1831 540 1864 opus
556 1822 716 1854 Dulciarii.
742 1822 813 1854 Vet.
827 1821 928 1853 Schol.

186 1863 350 1896 Placentas.
382 1866 487 1896 Irridet
499 1875 566 1895 eam
580 1866 656 1905 quod
666 1867 701 1896 de
715 1874 798 1938 <fiere
807 1865 930 1908 pistorio

186 1908 220 1938 in
240 1918 292 1938 suo
309 1907 399 1938 Libro
413 1907 513 1938 scribit
527 1908 562 1937 de
584 1909 676 1950 seipso
684 1920 698 1946 ;
754 1919 797 1939 aec
812 1908 931 1950 'primus

187 1949 300 1979 invenit
322 1954 349 1980 et
370 1952 503 1990 cog-novit
520 1949 626 1980 Catius
648 1950 815 1981 Miltiades.
858 1948 930 1980 Vet.

188 1989 291 2021 Schol.
307 1990 398 2032 Cruq.
440 1990 483 2022 Et
495 1990 618 2021 Comice
633 1992 706 2022 dicit
719 1993 833 2035 promit
847 1992 929 2033 quasi

189 2040 488 2113 culpggrggztgtlzeh'
500 2081 592 2106 totam
606 2076 762 2108 insumere.

231 2124 273 2150 49
296 2118 433 2155 Labant,
451 2123 540 2148 curet.
572 2117 643 2149 Vet.
666 2117 768 2150 Schol.
786 2118 877 2161 Cruq.
898 2129 930 2149 se

191 2160 312 2190 cruciet.

236 2209 273 2232 51
307 2200 410 2232 Plures
430 2210 461 2232 et
479 2203 648 2233 vetustiores
669 2202 752 2233 Libri
777 2214 811 2234 su
828 2213 932 2246 pones,

190 2244 286 2284 inquit
314 2243 478 2276 Bentleius.
522 2244 631 2276 Verum
654 2246 685 2275 111
709 2247 765 2276 isto
815 2256 932 2287 empore

191 2287 298 2328 saepius
314 2286 505 2317 allucinatum
520 2295 565 2317 est
578 2298 596 2318 a
609 2287 760 2326 Librariis,
774 2295 807 2318 ut
821 2289 933 2319 nescias

191 2328 265 2370 quid
279 2329 317 2359 sit
330 2336 446 2359 rectum
461 2329 531 2370 quid
545 2340 617 2360 non.

237 2377 277 2402 52
311 2370 414 2401 Crassi
422 2383 436 2409 ,-
468 2372 624 2403 immaturi
651 2377 678 2403 et
707 2373 804 2414 afferi
830 2373 933 2403 odoris.

190 2412 260 2444 Vet.
280 2411 385 2443 Schol.
396 2413 488 2454 Cruq.

236 2462 275 2486 54
299 2456 376 2485 Lino
390 2456 507 2492 vitiata,
515 2464 570 2497 per
578 2467 695 2487 saccum
706 2458 816 2487 lineum
828 2457 931 2488 colata.

189 2495 260 2528 Vet.
276 2496 379 2528 Schol.
394 2506 425 2528 et
433 2509 485 2539 per
494 2497 552 2528 hoc
566 2505 680 2529 mutato
693 2509 806 2540 sapore.

235 2547 274 2571 55
297 2540 475 2571 Surrentina
499 2541 605 2572 debilia
626 2546 704 2572 sunt.
737 2540 806 2571 Vet.
830 2539 931 2571 Schol.

191 2581 284 2623 Cruq.
326 2583 534 2613 Surrentinum
548 2593 720 2623 generosum
729 2588 844 2614 acetum
857 2583 934 2614 dixit

191 2625 334 2661 Tibe-rius,
357 2630 384 2655 et
410 2625 552 2665 Caligula
577 2626 701 2656 nol-ilem
728 2634 857 2668 vappam
866 2637 879 2663 ς
900 2632 934 2655 ut

191 2666 303 2697 notavit
315 2665 497 2698 Torrentius.

237 2708 341 2749 Vafer,
356 2717 439 2739 catus
450 2709 487 2739 ad
502 2709 646 2740 fallendos
656 2709 797 2752 hospites.

236 2755 277 2782 56
300 2751 423 2782 Limum
427 2751 541 2792 faecem
555 2753 641 2783 dixit.
662 2751 732 2784 vet.
748 2751 850 2783 Schol.

238 2798 275 2828 57
298 2794 408 2824 Aliena
417 2806 431 2833 ‚-
452 2805 504 2835 per
514 2793 763 2825 Charientismum
777 2795 934 2836 posuitpro

193 2834 362 2874 faeculenta,
373 2837 455 2877 quasi
463 2837 573 2867 diceret
588 2837 846 2876 incommodantia,
854 2848 934 2878 quae-

194 2883 253 2918 que
267 2877 405 2909 abessent
417 2879 533 2910 melius.

241 2920 382 2951 Vzteuum
392 2921 481 2952 modo
495 2921 566 2952 dicit
578 2933 667 2953 omne
678 2922 757 2964 quod
772 2923 803 2953 in
814 2932 869 2953 ovo
880 2928 933 2952 est.

195 2959 234 2991 B.
276 2961 344 2992 Nec
358 2961 447 2994 hodie
461 2965 564 3005 ignota
574 2975 619 2995 ars
628 2965 689 2995 ovis
700 2973 730 2995 et
740 2964 935 3006 ichthyocolla.

195 3003 312 3044 injectis
324 3005 403 3045 vino,
417 3013 448 3036 et
462 3006 539 3038 bene
554 3007 596 3039 ibi
606 3008 732 3050 agitatu,
743 3008 935 3051 praecipitare,

970 1820 1065 1863 siquid
1090 1820 1211 1852 faecium
1229 1828 1281 1852 aut
1303 1822 1432 1854 sordium
1459 1824 1581 1855 aliarum
1602 1823 1648 1854 vel
1669 1835 1715 1855 sa·

971 1875 1073 1939 Ρωόεὲῃ
1077 1864 1272 1944 lxxiv-{3221
1281 1866 1481 1949 εῗαῗιυςῖιὲαῗι
1501 1909 1570 1939 vino
1592 1913 1620 1939 et
1646 1909 1715 1939 bene

971 1954 1117 1981 saturum.
1138 1948 1208 1980 Vet.
1221 1948 1322 1981 Schol.

1020 1990 1176 2033 Perperam
1205 1991 1386 2035 Interpretes
1414 1994 1539 2034 squillas
1566 1993 1715 2034 accipiunt

970 2044 1024 2076 pro
1046 2035 1209 2072 cammaris,
1224 2045 1293 2065 cum
1312 2035 1371 2065 sint
1385 2046 1459 2076 quos
1481 2040 1594 2066 astacos
1614 2036 1717 2077 appel-

970 2077 1046 2114 lant,
1059 2083 1093 2106 ut
1103 2076 1149 2106 vel
1163 2087 1200 2106 ex
1214 2075 1330 2112 Quinta
1345 2076 1447 2120 Satyra
1460 2076 1481 2108 J
1483 2078 1612 2108 uvenalis
1622 2078 1717 2108 mani·

971 2118 1128 2150 rectissime
1157 2126 1248 2160 patet.
1290 2118 1373 2149 Afrae
1402 2118 1532 2150 cochleae
1561 2120 1716 2151 laudantur

972 2160 1114 2192 Varroni:
1135 2161 1240 2203 supple
1254 2168 1354 2192 autem
1368 2172 1420 2202 per
1428 2161 1509 2203 Sylle
1530 2163 1574 2192 sin
1586 2167 1670 2193 tosta.

1017 2210 1057 2235 59
1079 2203 1234 2242 Lactuca;
1256 2202 1316 2234 huc
1335 2205 1464 2245 pertinet
1527 2204 1634 2234 artialis
1654 2203 1714 2235 Di-

974 2244 1090 2275 stichon
1113 2256 1131 2275 a
1145 2244 1276 2286 Cruquio
1289 2245 1439 2277 laudatum
1449 2260 1458 2283 ς
1483 2246 1627 2277 claudere
1646 2257 1714 2286 quae

976 2298 1071 2318 coenas
1084 2289 1201 2319 lactuca
1213 2289 1322 2318 solebat
1336 2298 1471 2327 avorum,
1495 2288 1556 2319 Dic
1568 2288 1644 2319 mihi
1659 2298 1713 2319 cur

973 2334 1090 2360 nostras
1104 2330 1222 2360 inchoat
1235 2331 1292 2360 illa
1305 2330 1394 2372 dapes
1403 2330 1423 2360 ?

1015 2372 1100 2409 Acri,
1113 2372 1216 2413 supple
1228 2371 1318 2402 facto.
1711 2381 1713 2383 ’

1018 2418 1060 2445 60
1081 2414 1170 2444 Hilla
1183 2418 1225 2444 est
1241 2414 1465 2452 Diminutivam
1479 2425 1500 2445 a
1513 2415 1644 2446 Positivo
1655 2415 1714 2446 Hi-

972 2466 1020 2493 ra,
1041 2460 1069 2486 et
1088 2456 1234 2497 significat
1257 2457 1428 2486 intestinum
1451 2458 1575 2494 salsum,
1593 2459 1640 2488 vel
1662 2460 1714 2496 (ut

974 2498 1028 2528 alii
1051 2499 1169 2534 dicunt)
1186 2497 1312 2538 fartum
1340 2498 1488 2529 salsitium
1499 2511 1509 2529 .·
1532 2500 1587 2530 alii
1611 2500 1714 2531 dicunt

975 2541 1083 2571 hillum
1096 2541 1130 2571 in
1144 2545 1256 2572 neutro.
1277 2539 1348 2571 Vet.
1362 2538 1465 2571 Schol.
1474 2540 1566 2583 Cruq.

1016 2587 1053 2613 61
1081 2583 1118 2613 In
1132 2593 1256 2620 morsus,
1270 2582 1308 2613 ad
1321 2581 1545 2614 comedendum.
1565 2582 1727 2617 Lubinus„

974 2623 1015 2655 G.
1058 2625 1281 2668 Powrflagitat
1291 2626 1325 2655 in
1337 2636 1452 2656 morsus
1465 2626 1555 2667 refici,
1568 2633 1603 2657 ut
1616 2626 1713 2668 demi-¹

974 2667 1031 2698 bus
1044 2666 1142 2697 denuo
1155 2677 1258 2709 operas
1272 2668 1405 2709 imperet.
1447 2666 1605 2710 Iugeniose
1618 2667 1712 2700 Bent-

974 2709 1050 2740 leius
1062 2711 1227 2741 stomachus
1240 2710 1455 2753 ruficiflagitat
1463 2710 1632 2749 immorsm,
1640 2710 1711 2742 dum

975 2751 1166 2824 immordgur
1174 2752 1220 2783 vel
1232 2752 1429 2790 mordetur,
1447 2752 1595 2784 vellicatur
1605 2764 1624 2784 a
1636 2753 1714 2784 cibis

975 2794 1075 2825 salitis.
1128 2816 1137 2825 .

1016 2834 1075 2867 Pro
1087 2836 1174 2868 malit
1186 2835 1342 2868 Bentleius
1435 2837 1460 2868 ‘t
1471 2837 1595 2876 mavolt,
1615 2844 1715 2868 vetus·

975 2879 1042 2909 tatis
1056 2885 1129 2920 puto
1141 2879 1252 2910 studio.
1273 2878 1312 2910 B.
1377 2888 1424 2911 ost
1437 2880 1524 2913 nmlit
1535 2879 1582 2911 vel
1592 2882 1712 2911 mavult

977 2921 1122 2963 intelligo,
1136 2932 1225 2963 quam
1244 2922 1399 2953 lactucam.
1439 2920 1601 2953 lactucam
1622 2922 1712 2964 plane

975 2971 1042 3006 post
1055 2971 1158 3006 potum
1172 2964 1306 2995 inutilem
1319 2965 1502 3006 pronunciat.
1519 2963 1561 2995 G.

1018 3011 1058 3055 6¹2
1081 3006 1215 3046 Fervent,
1235 3014 1265 3038 et
1277 3017 1331 3050 per
1351 3005 1411 3039 hoc
1425 3007 1518 3047 olent,
1535 3014 1567 3039 et
1580 3007 1658 3039 bene
1673 3006 1710 3038 de

975 3058 1092 3091 popum.
