1950 3626
616 345 698 390 ET
734 343 1075 390 POEMATUM
1117 343 1296 386 ADEO.
1636 339 1722 383 xvii

186 475 409 533 altam,
451 473 586 523 annis
625 473 830 524 incertis.
893 460 1055 521 'Intra
1100 472 1186 519 hos
1229 467 1464 519 cancellos
1509 465 1721 515 omnium

186 557 465 607 Poematiwn
489 559 671 608 natales
690 574 798 607 esse
818 557 1079 622 ponendos,
1106 564 1158 604 et
1179 572 1239 604 ex
1261 549 1548 620 argumentis
1567 550 1725 616 singu-

183 643 336 711 lomm
359 650 409 692 et
429 659 489 692 ex
509 643 780 693 Annalium
803 641 900 690 fide
930 640 1178 689 constabit.
1252 638 1375 687 Inde
1397 645 1485 696 est,
1512 635 1642 699 quod
1676 635 1726 683 in

187 725 491 776 Semonibus
522 737 571 776 et
595 726 777 792 Epodis
807 735 859 775 et
895 724 1176 775 Carminum
1213 723 1382 787 primo,
1409 719 1579 770 Caesar
1602 736 1727 769 sem-

186 826 284 876 per,
320 829 569 875 nunquam
605 812 858 877 Augustus
891 809 1063 859 dicitur
1078 827 1091 869 ;
1130 807 1309 872 quippe
1347 805 1429 871 qui
1465 805 1515 854 id
1550 821 1727 853 nomen

187 905 467 947 consecutus
484 905 577 961 est,
603 914 729 946 anno
752 896 945 944 demum
970 893 1129 944 Flacci
1150 889 1425 942 XXXIX.
1452 889 1501 938 in
1525 904 1727 952 sequen-

184 978 311 1029 tibus
331 997 445 1030 vero
469 981 646 1046 passim
670 981 927 1047 Augustus
949 977 1275 1044 appellatur*.
1337 975 1459 1024 Inde
1482 981 1570 1033 est,
1597 972 1729 1036 quod

183 1063 235 1113 in
260 1064 565 1116 Sermonibus
588 1075 640 1116 et
665 1065 847 1130 Epodis
871 1065 902 1114 J
909 1080 1109 1114 uvenem
1142 1080 1194 1112 se
1228 1061 1405 1125 ubique
1436 1058 1643 1118 indicat3
1681 1066 1732 1108 et

184 1151 317 1215 quod
339 1152 443 1200 sola
463 1151 723 1200 Satirarum
758 1149 898 1198 laude
928 1148 1205 1197 inclaruisse
1235 1162 1288 1195 se
1312 1144 1439 1204 dicit,
1465 1152 1518 1192 ut
1539 1141 1731 1193 Bucoli-

184 1251 354 1283 corum
377 1243 479 1284 tum
502 1233 754 1300 Virgilium
779 1233 951 1298 (Serm.
991 1231 1033 1280 1.
1066 1239 1140 1282 10.
1166 1249 1211 1279 v.
1239 1229 1348 1292 46.)
1374 1230 1508 1278 nulla
1532 1227 1733 1294 Lyrico-

184 1334 295 1366 rum
334 1319 573 1367 mentione
610 1319 751 1366 facta.
825 1317 884 1365 In
924 1316 1093 1366 ceteris
1134 1324 1292 1364 autem
1336 1313 1527 1380 singulis
1563 1328 1734 1376 proce·

184 1401 342 1449 dentis
365 1401 518 1450 aetatis
541 1400 713 1467 gradus
747 1400 1026 1464 plenissimis
1060 1400 1201 1465 signis
1236 1398 1445 1458 indicat3
1480 1398 1625 1461 idque
1647 1396 1734 1446 tibi

183 1499 251 1533 ex
271 1486 367 1533 hac
390 1483 511 1533 serie
537 1485 642 1550 jam
669 1502 698 1532 a
734 1500 811 1532 me
829 1484 1154 1532 demonstrata
1179 1483 1447 1547 jucundum
1470 1482 1561 1530 erit
1583 1482 1733 1530 anim-

186 1569 468 1628 advertere;
506 1585 615 1617 cum
648 1569 874 1632 operibus
906 1567 1196 1632 juvenilibus
1233 1567 1383 1615 multa
1418 1568 1644 1615 obscaena
1684 1575 1736 1616 et

188 1652 420 1720 flagitiosa
450 1652 592 1702 insint
612 1671 626 1712 3
661 1662 843 1716 quanto
874 1651 1007 1700 annis
1032 1650 1298 1716 provectior
1320 1659 1438 1712 erat,
1465 1659 1600 1699 tanto
1622 1666 1734 1699 eum

183 1746 242 1785 et
260 1737 448 1801 poetica
469 1737 644 1786 virtute
666 1745 717 1787 et
739 1744 1124 1803 argumentorum
1148 1734 1376 1802 dignitate
1409 1734 1736 1801 gravitateque

188 1821 435 1871 meliorem
470 1821 819 1884 castioremque
852 1836 1044 1884 semper
1074 1820 1294 1869 evasisse.
1367 1819 1597 1869 Ceterum
1633 1820 1737 1868 ubi·

187 1921 379 1971 cunque
401 1905 489 1955 viri
512 1905 772 1955 doctissimi
794 1914 932 1955 extra
956 1904 1131 1954 limites
1168 1904 1245 1953 hic
1282 1904 1463 1968 positos
1498 1903 1548 1952 in
1581 1903 1738 1970 adsig-

131 2027 136 2032 -
188 1990 360 2062 mandis
382 1991 676 2056 temporibus
699 1998 972 2057 evagantur,
996 1988 1137 2038 toties
1175 1989 1243 2037 illi
1272 1988 1323 2037 in
1362 2004 1544 2037 errores
1580 1988 1739 2051 prola-

188 2075 383 2124 buntur.
456 2075 616 2125 Facile
647 2075 840 2139 quidem
875 2074 991 2123 mihi
1027 2074 1151 2123 foret
1184 2074 1232 2122 id
1267 2073 1314 2122 in
1351 2073 1542 2141 singulis
1578 2083 1739 2122 osten-

190 2158 335 2219 ἀεικῆ
370 2176 535 2209 verum
557 2177 704 2209 unum
728 2159 876 2208 modo
896 2160 1158 2208 alterumve
1179 2158 1289 2207 hinc
1313 2158 1555 2224 attingam,
1580 2166 1741 2207 cetera

196 2251 292 2319 ture
316 2243 557 2294 industriae
582 2244 863 2307 relinquens.
940 2243 1070 2292 Libri
1102 2242 1144 2292 I.
1170 2241 1378 2292 Carmen
1403 2252 1483 2294 21.
1522 2242 1738 2291 Dianam

196 2335 371 2376 teneroe
393 2327 530 2376 dicite
558 2327 794 2393 Virgines,
822 2344 1072 2391 perperam
1104 2326 1344 2376 Saeculare
1378 2336 1565 2386 vocant,
1591 2335 1641 2375 et
1674 2326 1737 2374 ad

199 2411 390 2460 Horatii
413 2429 591 2461 aunum
614 2411 814 2461 XLIX.
853 2412 1089 2471 referunt3
1126 2411 1338 2478 ringente
1376 2410 1617 2469 Suetonio,
1656 2408 1739 2473 qui

197 2504 292 2545 tres
317 2495 596 2546 Carmiuum
619 2496 765 2545 libros
790 2498 927 2561 longo
961 2496 1211 2544 intervallo
1249 2511 1359 2543 eum
1397 2510 1575 2542 annum
1616 2510 1738 2557 prae-

248 2664 276 2688 ⁸*
306 2663 347 2702 Si
360 2670 465 2702 recte
487 2677 609 2703 annos
623 2664 712 2702 vitae
733 2664 888 2702 Horatii
909 2676 1001 2702 cum
1019 2663 1271 2701 Varronianis
1293 2662 1410 2700 Urbis
1428 2661 1609 2701 Conditae
1628 2675 1736 2702 com-

199 2735 347 2786 paravit
366 2735 590 2794 Massonus,
611 2736 774 2787 Augusti
793 2734 1092 2786 appellationem
1114 2733 1281 2784 suscepit
1300 2733 1540 2772 Octavianus
1562 2734 1739 2783 (ineunte

196 2806 249 2845 A.
266 2805 317 2846 U.
336 2805 382 2844 C.
400 2808 516 2855 727.)
539 2819 641 2844 anno
666 2806 798 2844 adhuc
823 2805 978 2844 Horatii
998 2805 1231 2843 XXXVIII.
1252 2818 1367 2856 quem
1387 2805 1489 2844 libro
1507 2806 1634 2858 primo
1654 2820 1739 2846 car-

199 2877 350 2916 minum
368 2876 499 2917 adhuc
515 2877 698 2915 attribuit
716 2877 795 2929 ipse
815 2876 1036 2915 Bentleius:
1065 2885 1104 2914 ct
1124 2876 1204 2927 ipse
1219 2884 1324 2914 recte
1344 2876 1483 2916 retinet
1500 2884 1668 2916 veterem
1688 2878 1739 2916 ti-

199 2949 324 2988 tulum
343 2949 430 2989 Odoe
445 2948 607 2989 secundae
620 2949 706 2988 libri
718 2948 835 3000 primi
854 2958 912 2987 An
932 2958 1191 2987 AUGUSTUM.
1245 2946 1337 2985 vid.
1352 2946 1459 2987 dicta
1476 2948 1530 2986 ibi
1550 2949 1599 2987 ad
1614 2963 1650 2988 v.
1671 2954 1738 2996 29.

200 3024 335 3065 Gnsx.

958 3094 991 3140 b
