<?xml version="1.0" encoding="UTF-8"?>
<!DOCTYPE html PUBLIC "-//W3C//DTD XHTML 1.0 Transitional//EN"
    "http://www.w3.org/TR/xhtml1/DTD/xhtml1-transitional.dtd">
<html xmlns="http://www.w3.org/1999/xhtml" xml:lang="en" lang="en">
 <head>
  <title>
</title>
<meta http-equiv="Content-Type" content="text/html;charset=utf-8" />
  <meta name='ocr-system' content='tesseract 3.04.00' />
  <meta name='ocr-capabilities' content='ocr_page ocr_carea ocr_par ocr_line ocrx_word'/>
</head>
<body>
  <div class='ocr_page' id='page_1' title='image "./eclogaeho00horauoft_0614.png"; bbox 0 0 1924 3458; ppageno 0'>
   <div class='ocr_carea' id='block_1_1' title="bbox 215 287 298 324">
    <p class='ocr_par' dir='ltr' id='par_1_1' title="bbox 215 287 298 324">
     <span class='ocr_line' id='line_1_1' title="bbox 215 287 298 324; baseline 0 0"><span class='ocrx_word' id='word_1_1' title='bbox 215 287 298 324; x_wconf 83' lang='lat'><strong>562</strong></span> 
     </span>
    </p>
   </div>
   <div class='ocr_carea' id='block_1_2' title="bbox 660 285 1315 332">
    <p class='ocr_par' dir='ltr' id='par_1_2' title="bbox 660 285 1315 332">
     <span class='ocr_line' id='line_1_2' title="bbox 660 285 1315 332; baseline -0.003 0"><span class='ocrx_word' id='word_1_2' title='bbox 660 286 713 332; x_wconf 76' lang='lat' dir='ltr'><strong>Q.</strong></span> <span class='ocrx_word' id='word_1_3' title='bbox 752 285 1040 329; x_wconf 87' lang='lat' dir='ltr'><strong>HORATII</strong></span> <span class='ocrx_word' id='word_1_4' title='bbox 1074 285 1315 330; x_wconf 86' lang='lat' dir='ltr'>FLACCI</span> 
     </span>
    </p>
   </div>
   <div class='ocr_carea' id='block_1_3' title="bbox 249 396 1450 459">
    <p class='ocr_par' dir='ltr' id='par_1_3' title="bbox 249 396 1450 459">
     <span class='ocr_line' id='line_1_3' title="bbox 249 396 1450 459; baseline 0.002 -17"><span class='ocrx_word' id='word_1_5' title='bbox 249 406 331 443; x_wconf 88' lang='lat'><strong>125</strong></span> <span class='ocrx_word' id='word_1_6' title='bbox 391 396 438 443; x_wconf 85' lang='lat' dir='ltr'><strong>Si</strong></span> <span class='ocrx_word' id='word_1_7' title='bbox 457 401 555 459; x_wconf 89' lang='lat' dir='ltr'><strong>quid</strong></span> <span class='ocrx_word' id='word_1_8' title='bbox 574 401 832 459; x_wconf 89' lang='lat' dir='ltr'><strong>inexpertum</strong></span> <span class='ocrx_word' id='word_1_9' title='bbox 853 417 987 446; x_wconf 85' lang='lat' dir='ltr'><strong>scenae</strong></span> <span class='ocrx_word' id='word_1_10' title='bbox 1007 402 1245 456; x_wconf 85' lang='lat' dir='ltr'><strong>committis,</strong></span> <span class='ocrx_word' id='word_1_11' title='bbox 1265 409 1307 445; x_wconf 87' lang='lat' dir='ltr'><strong>et</strong></span> <span class='ocrx_word' id='word_1_12' title='bbox 1325 402 1450 445; x_wconf 69' lang='lat' dir='ltr'><strong>eudes</strong></span> 
     </span>
    </p>
   </div>
   <div class='ocr_carea' id='block_1_4' title="bbox 391 476 991 533">
    <p class='ocr_par' dir='ltr' id='par_1_4' title="bbox 391 476 991 533">
     <span class='ocr_line' id='line_1_4' title="bbox 391 476 991 533; baseline 0.007 -15"><span class='ocrx_word' id='word_1_13' title='bbox 391 476 611 520; x_wconf 85' lang='lat' dir='ltr'>Personam</span> <span class='ocrx_word' id='word_1_14' title='bbox 633 479 808 522; x_wconf 79' lang='lat' dir='ltr'><strong>formare</strong></span> <span class='ocrx_word' id='word_1_15' title='bbox 828 495 991 533; x_wconf 89' lang='lat' dir='ltr'><strong>novam,</strong></span> 
     </span>
    </p>
   </div>
   <div class='ocr_carea' id='block_1_5' title="bbox 357 593 374 692">
    <p class='ocr_par' dir='ltr' id='par_1_5' title="bbox 357 593 374 692">
     <span class='ocr_line' id='line_1_5' title="bbox 357 593 374 692; baseline 0 0"><span class='ocrx_word' id='word_1_16' title='bbox 357 593 374 692; x_wconf 81' lang='lat' dir='ltr'><strong>l</strong></span> 
     </span>
    </p>
   </div>
   <div class='ocr_carea' id='block_1_6' title="bbox 1011 478 1436 555">
    <p class='ocr_par' dir='ltr' id='par_1_6' title="bbox 1011 478 1436 555">
     <span class='ocr_line' id='line_1_6' title="bbox 1011 478 1436 555; baseline 0.002 -34"><span class='ocrx_word' id='word_1_17' title='bbox 1011 487 1189 522; x_wconf 88' lang='lat' dir='ltr'><strong>servetur</strong></span> <span class='ocrx_word' id='word_1_18' title='bbox 1207 479 1259 522; x_wconf 88' lang='lat' dir='ltr'><strong>ad</strong></span> <span class='ocrx_word' id='word_1_19' title='bbox 1278 478 1436 555; x_wconf 66' lang='lat' dir='ltr'><strong>imum3</strong></span> 
     </span>
    </p>
   </div>
   <div class='ocr_carea' id='block_1_7' title="bbox 392 551 1436 687">
    <p class='ocr_par' dir='ltr' id='par_1_7' title="bbox 392 551 1436 687">
     <span class='ocr_line' id='line_1_7' title="bbox 392 551 1435 619; baseline 0.004 -26"><span class='ocrx_word' id='word_1_20' title='bbox 392 551 536 597; x_wconf 81' lang='lat' dir='ltr'><strong>Qualis</strong></span> <span class='ocrx_word' id='word_1_21' title='bbox 556 553 608 594; x_wconf 90' lang='lat' dir='ltr'><strong>ab</strong></span> <span class='ocrx_word' id='word_1_22' title='bbox 627 552 793 611; x_wconf 84' lang='lat' dir='ltr'><strong>incepto</strong></span> <span class='ocrx_word' id='word_1_23' title='bbox 811 553 1063 611; x_wconf 85' lang='lat' dir='ltr'><strong>processerit,</strong></span> <span class='ocrx_word' id='word_1_24' title='bbox 1088 561 1129 595; x_wconf 91' lang='lat' dir='ltr'><strong>et</strong></span> <span class='ocrx_word' id='word_1_25' title='bbox 1148 553 1225 596; x_wconf 83' lang='lat' dir='ltr'><strong>sibi</strong></span> <span class='ocrx_word' id='word_1_26' title='bbox 1246 558 1435 619; x_wconf 37' lang='lat' dir='ltr'><strong>const-em</strong></span> 
     </span>
     <span class='ocr_line' id='line_1_8' title="bbox 393 617 1436 687; baseline 0.002 -18"><span class='ocrx_word' id='word_1_27' title='bbox 393 625 580 670; x_wconf 77' lang='lat' dir='ltr'><strong>Difficile</strong></span> <span class='ocrx_word' id='word_1_28' title='bbox 597 636 657 670; x_wconf 86' lang='lat' dir='ltr'><strong>est</strong></span> <span class='ocrx_word' id='word_1_29' title='bbox 674 629 837 686; x_wconf 86' lang='lat' dir='ltr'><strong>proprie</strong></span> <span class='ocrx_word' id='word_1_30' title='bbox 857 629 1096 671; x_wconf 84' lang='lat' dir='ltr'><strong>communia</strong></span> <span class='ocrx_word' id='word_1_31' title='bbox 1116 629 1276 672; x_wconf 88' lang='lat' dir='ltr'><strong>dicere:</strong></span> <span class='ocrx_word' id='word_1_32' title='bbox 1309 617 1436 687; x_wconf 85' lang='lat' dir='ltr'><strong>tuque</strong></span> 
     </span>
    </p>
   </div>
   <div class='ocr_carea' id='block_1_8' title="bbox 1138 603 1344 619">
    <p class='ocr_par' dir='ltr' id='par_1_8' title="bbox 1138 603 1344 619">
     <span class='ocr_line' id='line_1_9' title="bbox 1138 603 1344 619; baseline 0 2839"><span class='ocrx_word' id='word_1_33' title='bbox 1138 603 1344 619; x_wconf 95' lang='lat' dir='ltr'><strong> </strong></span> 
     </span>
    </p>
   </div>
   <div class='ocr_carea' id='block_1_9' title="bbox 393 700 1338 757">
    <p class='ocr_par' dir='ltr' id='par_1_9' title="bbox 393 700 1338 757">
     <span class='ocr_line' id='line_1_10' title="bbox 393 700 1338 757; baseline 0.001 -13"><span class='ocrx_word' id='word_1_34' title='bbox 393 700 561 744; x_wconf 86' lang='lat' dir='ltr'><strong>Rectius</strong></span> <span class='ocrx_word' id='word_1_35' title='bbox 581 703 754 745; x_wconf 87' lang='lat' dir='ltr'><strong>Iliacum</strong></span> <span class='ocrx_word' id='word_1_36' title='bbox 773 717 940 745; x_wconf 88' lang='lat' dir='ltr'><strong>carmen</strong></span> <span class='ocrx_word' id='word_1_37' title='bbox 960 703 1127 745; x_wconf 84' lang='lat' dir='ltr'><strong>deducis</strong></span> <span class='ocrx_word' id='word_1_38' title='bbox 1147 704 1190 745; x_wconf 93' lang='lat' dir='ltr'><strong>in</strong></span> <span class='ocrx_word' id='word_1_39' title='bbox 1210 712 1338 757; x_wconf 87' lang='lat' dir='ltr'><strong>actus,</strong></span> 
     </span>
    </p>
   </div>
   <div class='ocr_carea' id='block_1_10' title="bbox 254 780 334 818">
    <p class='ocr_par' dir='ltr' id='par_1_10' title="bbox 254 780 334 818">
     <span class='ocr_line' id='line_1_11' title="bbox 254 780 334 818; baseline 0.025 -2"><span class='ocrx_word' id='word_1_40' title='bbox 254 780 334 818; x_wconf 82' lang='lat'><strong>130</strong></span> 
     </span>
    </p>
   </div>
   <div class='ocr_carea' id='block_1_11' title="bbox 393 771 1405 834">
    <p class='ocr_par' dir='ltr' id='par_1_11' title="bbox 393 771 1405 834">
     <span class='ocr_line' id='line_1_12' title="bbox 393 771 1405 834; baseline 0.002 -16"><span class='ocrx_word' id='word_1_41' title='bbox 393 771 533 824; x_wconf 78' lang='lat' dir='ltr'><strong>Quam</strong></span> <span class='ocrx_word' id='word_1_42' title='bbox 553 777 586 819; x_wconf 79' lang='lat' dir='ltr'><strong>si</strong></span> <span class='ocrx_word' id='word_1_43' title='bbox 602 779 800 834; x_wconf 85' lang='lat' dir='ltr'><strong>proferres</strong></span> <span class='ocrx_word' id='word_1_44' title='bbox 820 777 961 833; x_wconf 87' lang='lat' dir='ltr'><strong>ignota</strong></span> <span class='ocrx_word' id='word_1_45' title='bbox 980 776 1216 833; x_wconf 84' lang='lat' dir='ltr'><strong>indictaque</strong></span> <span class='ocrx_word' id='word_1_46' title='bbox 1235 777 1405 833; x_wconf 82' lang='lat' dir='ltr'><strong>primus,</strong></span> 
     </span>
    </p>
   </div>
   <div class='ocr_carea' id='block_1_12' title="bbox 392 849 1478 982">
    <p class='ocr_par' dir='ltr' id='par_1_12' title="bbox 392 849 1478 982">
     <span class='ocr_line' id='line_1_13' title="bbox 392 849 1209 908; baseline -0.001 -15"><span class='ocrx_word' id='word_1_47' title='bbox 392 850 563 893; x_wconf 88' lang='lat' dir='ltr'><strong>Publica</strong></span> <span class='ocrx_word' id='word_1_48' title='bbox 582 851 770 893; x_wconf 83' lang='lat' dir='ltr'><strong>materies</strong></span> <span class='ocrx_word' id='word_1_49' title='bbox 790 851 934 907; x_wconf 88' lang='lat' dir='ltr'><strong>privati</strong></span> <span class='ocrx_word' id='word_1_50' title='bbox 948 849 1050 908; x_wconf 91' lang='lat' dir='ltr'><strong>juris</strong></span> <span class='ocrx_word' id='word_1_51' title='bbox 1070 850 1160 903; x_wconf 89' lang='lat' dir='ltr'><strong>erit,</strong></span> <span class='ocrx_word' id='word_1_52' title='bbox 1175 850 1209 892; x_wconf 91' lang='lat' dir='ltr'><strong>si</strong></span> 
     </span>
     <span class='ocr_line' id='line_1_14' title="bbox 392 924 1478 982; baseline 0.001 -16"><span class='ocrx_word' id='word_1_53' title='bbox 392 924 485 967; x_wconf 87' lang='lat' dir='ltr'><strong>Nec</strong></span> <span class='ocrx_word' id='word_1_54' title='bbox 506 925 614 968; x_wconf 88' lang='lat' dir='ltr'><strong>circa</strong></span> <span class='ocrx_word' id='word_1_55' title='bbox 633 925 758 967; x_wconf 91' lang='lat' dir='ltr'><strong>vilem</strong></span> <span class='ocrx_word' id='word_1_56' title='bbox 778 926 1048 982; x_wconf 86' lang='lat' dir='ltr'><strong>patulumque</strong></span> <span class='ocrx_word' id='word_1_57' title='bbox 1068 924 1289 967; x_wconf 85' lang='lat' dir='ltr'><strong>moraberis</strong></span> <span class='ocrx_word' id='word_1_58' title='bbox 1307 926 1478 976; x_wconf 63' lang='lat' dir='ltr'><strong>orbemg</strong></span> 
     </span>
    </p>
   </div>
   <div class='ocr_carea' id='block_1_13' title="bbox 392 999 994 1042">
    <p class='ocr_par' dir='ltr' id='par_1_13' title="bbox 392 999 994 1042">
     <span class='ocr_line' id='line_1_15' title="bbox 392 999 994 1042; baseline -0.002 -1"><span class='ocrx_word' id='word_1_59' title='bbox 392 999 484 1041; x_wconf 92' lang='lat' dir='ltr'><strong>Nec</strong></span> <span class='ocrx_word' id='word_1_60' title='bbox 502 1001 671 1041; x_wconf 91' lang='lat' dir='ltr'><strong>verbum</strong></span> <span class='ocrx_word' id='word_1_61' title='bbox 691 1001 815 1042; x_wconf 90' lang='lat' dir='ltr'><strong>verbo</strong></span> <span class='ocrx_word' id='word_1_62' title='bbox 834 999 994 1041; x_wconf 87' lang='lat' dir='ltr'><strong>curabis</strong></span> 
     </span>
    </p>
   </div>
   <div class='ocr_carea' id='block_1_14' title="bbox 1013 999 1304 1042">
    <p class='ocr_par' dir='ltr' id='par_1_14' title="bbox 1013 999 1304 1042">
     <span class='ocr_line' id='line_1_16' title="bbox 1013 999 1304 1042; baseline 0.003 -1"><span class='ocrx_word' id='word_1_63' title='bbox 1013 999 1180 1041; x_wconf 90' lang='lat' dir='ltr'><strong>reddere</strong></span> <span class='ocrx_word' id='word_1_64' title='bbox 1199 999 1304 1042; x_wconf 93' lang='lat' dir='ltr'><strong>fidus</strong></span> 
     </span>
    </p>
   </div>
   <div class='ocr_carea' id='block_1_15' title="bbox 390 1073 1358 1131">
    <p class='ocr_par' dir='ltr' id='par_1_15' title="bbox 390 1073 1358 1131">
     <span class='ocr_line' id='line_1_17' title="bbox 390 1073 1358 1131; baseline 0.001 -15"><span class='ocrx_word' id='word_1_65' title='bbox 390 1074 619 1131; x_wconf 77' lang='lat' dir='ltr'><strong>interpres3</strong></span> <span class='ocrx_word' id='word_1_66' title='bbox 650 1089 728 1117; x_wconf 91' lang='lat' dir='ltr'><strong>nec</strong></span> <span class='ocrx_word' id='word_1_67' title='bbox 748 1073 907 1116; x_wconf 88' lang='lat' dir='ltr'><strong>desilies</strong></span> <span class='ocrx_word' id='word_1_68' title='bbox 924 1073 1106 1116; x_wconf 88' lang='lat' dir='ltr'><strong>imitator</strong></span> <span class='ocrx_word' id='word_1_69' title='bbox 1120 1073 1164 1116; x_wconf 92' lang='lat' dir='ltr'><strong>in</strong></span> <span class='ocrx_word' id='word_1_70' title='bbox 1183 1082 1358 1129; x_wconf 85' lang='lat' dir='ltr'><strong>arctum,</strong></span> 
     </span>
    </p>
   </div>
   <div class='ocr_carea' id='block_1_16' title="bbox 253 1154 335 1192">
    <p class='ocr_par' dir='ltr' id='par_1_16' title="bbox 253 1154 335 1192">
     <span class='ocr_line' id='line_1_18' title="bbox 253 1154 335 1192; baseline 0.012 -1"><span class='ocrx_word' id='word_1_71' title='bbox 253 1154 335 1192; x_wconf 84' lang='lat'><strong>135</strong></span> 
     </span>
    </p>
   </div>
   <div class='ocr_carea' id='block_1_17' title="bbox 394 1149 1515 1206">
    <p class='ocr_par' dir='ltr' id='par_1_17' title="bbox 394 1149 1515 1206">
     <span class='ocr_line' id='line_1_19' title="bbox 394 1149 1515 1206; baseline -0.001 -14"><span class='ocrx_word' id='word_1_72' title='bbox 394 1149 518 1192; x_wconf 88' lang='lat' dir='ltr'><strong>Unde</strong></span> <span class='ocrx_word' id='word_1_73' title='bbox 537 1150 687 1206; x_wconf 90' lang='lat' dir='ltr'><strong>pedem</strong></span> <span class='ocrx_word' id='word_1_74' title='bbox 706 1150 884 1206; x_wconf 88' lang='lat' dir='ltr'><strong>proferre</strong></span> <span class='ocrx_word' id='word_1_75' title='bbox 900 1149 1032 1205; x_wconf 90' lang='lat' dir='ltr'><strong>pudor</strong></span> <span class='ocrx_word' id='word_1_76' title='bbox 1049 1154 1172 1203; x_wconf 87' lang='lat' dir='ltr'><strong>vetet,</strong></span> <span class='ocrx_word' id='word_1_77' title='bbox 1195 1157 1267 1191; x_wconf 85' lang='lat' dir='ltr'><strong>aut</strong></span> <span class='ocrx_word' id='word_1_78' title='bbox 1284 1149 1416 1206; x_wconf 90' lang='lat' dir='ltr'><strong>operis</strong></span> <span class='ocrx_word' id='word_1_79' title='bbox 1435 1149 1515 1192; x_wconf 85' lang='lat' dir='ltr'><strong>lex.</strong></span> 
     </span>
    </p>
   </div>
   <div class='ocr_carea' id='block_1_18' title="bbox 390 1223 1375 1281">
    <p class='ocr_par' dir='ltr' id='par_1_18' title="bbox 390 1223 1375 1281">
     <span class='ocr_line' id='line_1_20' title="bbox 390 1223 1375 1281; baseline 0 -15"><span class='ocrx_word' id='word_1_80' title='bbox 390 1224 483 1267; x_wconf 88' lang='lat' dir='ltr'><strong>Nec</strong></span> <span class='ocrx_word' id='word_1_81' title='bbox 503 1224 561 1266; x_wconf 89' lang='lat' dir='ltr'><strong>sic</strong></span> <span class='ocrx_word' id='word_1_82' title='bbox 582 1224 768 1281; x_wconf 88' lang='lat' dir='ltr'><strong>incipies,</strong></span> <span class='ocrx_word' id='word_1_83' title='bbox 787 1231 833 1266; x_wconf 93' lang='lat' dir='ltr'><strong>ut</strong></span> <span class='ocrx_word' id='word_1_84' title='bbox 853 1223 1025 1280; x_wconf 87' lang='lat' dir='ltr'><strong>scriptor</strong></span> <span class='ocrx_word' id='word_1_85' title='bbox 1044 1223 1234 1280; x_wconf 87' lang='lat' dir='ltr'><strong>Cyclicus</strong></span> <span class='ocrx_word' id='word_1_86' title='bbox 1250 1225 1375 1268; x_wconf 85' lang='lat' dir='ltr'><strong>olim:</strong></span> 
     </span>
    </p>
   </div>
   <div class='ocr_carea' id='block_1_19' title="bbox 281 1373 977 1407">
    <p class='ocr_par' dir='ltr' id='par_1_19' title="bbox 281 1373 977 1407">
     <span class='ocr_line' id='line_1_21' title="bbox 281 1373 977 1407; baseline -0.003 -1"><span class='ocrx_word' id='word_1_87' title='bbox 281 1380 341 1407; x_wconf 83' lang='lat'><strong>132</strong></span> <span class='ocrx_word' id='word_1_88' title='bbox 358 1373 433 1407; x_wconf 84' lang='lat' dir='ltr'><strong>Nou</strong></span> <span class='ocrx_word' id='word_1_89' title='bbox 447 1375 524 1406; x_wconf 81' lang='lat' dir='ltr'><strong>cirea</strong></span> <span class='ocrx_word' id='word_1_90' title='bbox 540 1374 629 1407; x_wconf 82' lang='lat' dir='ltr'><strong>Glar.</strong></span> <span class='ocrx_word' id='word_1_91' title='bbox 644 1373 720 1406; x_wconf 89' lang='lat' dir='ltr'><strong>MS.</strong></span> <span class='ocrx_word' id='word_1_92' title='bbox 735 1374 861 1406; x_wconf 77' lang='lat' dir='ltr'><strong>Helmst.</strong></span> <span class='ocrx_word' id='word_1_93' title='bbox 877 1373 977 1405; x_wconf 78' lang='lat' dir='ltr'><strong>Benel.</strong></span> 
     </span>
    </p>
   </div>
   <div class='ocr_carea' id='block_1_20' title="bbox 212 1503 973 2455">
    <p class='ocr_par' dir='ltr' id='par_1_20' title="bbox 217 1503 970 1672">
     <span class='ocr_line' id='line_1_22' title="bbox 218 1503 969 1547; baseline 0 -13"><span class='ocrx_word' id='word_1_94' title='bbox 218 1508 300 1542; x_wconf 80' lang='lat' dir='ltr'><strong>esset,</strong></span> <span class='ocrx_word' id='word_1_95' title='bbox 315 1503 467 1536; x_wconf 79' lang='lat' dir='ltr'><strong>Jummem</strong></span> <span class='ocrx_word' id='word_1_96' title='bbox 481 1506 517 1536; x_wconf 81' lang='lat' dir='ltr'><strong>de</strong></span> <span class='ocrx_word' id='word_1_97' title='bbox 529 1509 633 1547; x_wconf 77' lang='lat' dir='ltr'><strong>stupro</strong></span> <span class='ocrx_word' id='word_1_98' title='bbox 645 1515 738 1536; x_wconf 81' lang='lat' dir='ltr'><strong>ausus</strong></span> <span class='ocrx_word' id='word_1_99' title='bbox 753 1509 794 1535; x_wconf 78' lang='lat' dir='ltr'><strong>est</strong></span> <span class='ocrx_word' id='word_1_100' title='bbox 809 1506 969 1547; x_wconf 76' lang='lat' dir='ltr'><strong>appellare.</strong></span> 
     </span>
     <span class='ocr_line' id='line_1_23' title="bbox 217 1544 968 1579; baseline 0.001 -2"><span class='ocrx_word' id='word_1_101' title='bbox 217 1544 288 1578; x_wconf 83' lang='lat' dir='ltr'><strong>Vet.</strong></span> <span class='ocrx_word' id='word_1_102' title='bbox 304 1546 407 1578; x_wconf 88' lang='lat' dir='ltr'><strong>Schol.</strong></span> <span class='ocrx_word' id='word_1_103' title='bbox 450 1547 600 1579; x_wconf 86' lang='lat' dir='ltr'><strong>Eioneum</strong></span> <span class='ocrx_word' id='word_1_104' title='bbox 617 1549 706 1579; x_wconf 86' lang='lat' dir='ltr'><strong>etiam</strong></span> <span class='ocrx_word' id='word_1_105' title='bbox 721 1558 856 1579; x_wconf 85' lang='lat' dir='ltr'><strong>socerum</strong></span> <span class='ocrx_word' id='word_1_106' title='bbox 872 1548 968 1579; x_wconf 91' lang='lat' dir='ltr'><strong>vivum</strong></span> 
     </span>
     <span class='ocr_line' id='line_1_24' title="bbox 218 1590 970 1634; baseline 0 -13"><span class='ocrx_word' id='word_1_107' title='bbox 218 1590 392 1629; x_wconf 86' lang='lat' dir='ltr'><strong>combussit,</strong></span> <span class='ocrx_word' id='word_1_108' title='bbox 407 1598 565 1634; x_wconf 79' lang='lat' dir='ltr'><strong>postquam</strong></span> <span class='ocrx_word' id='word_1_109' title='bbox 580 1591 617 1621; x_wconf 84' lang='lat' dir='ltr'><strong>ad</strong></span> <span class='ocrx_word' id='word_1_110' title='bbox 628 1602 744 1622; x_wconf 81' lang='lat' dir='ltr'><strong>coenam</strong></span> <span class='ocrx_word' id='word_1_111' title='bbox 759 1602 829 1622; x_wconf 90' lang='lat' dir='ltr'><strong>eum</strong></span> <span class='ocrx_word' id='word_1_112' title='bbox 852 1592 970 1622; x_wconf 82' lang='lat' dir='ltr'><strong>invitas-</strong></span> 
     </span>
     <span class='ocr_line' id='line_1_25' title="bbox 217 1632 970 1672; baseline 0 -8"><span class='ocrx_word' id='word_1_113' title='bbox 217 1640 273 1665; x_wconf 73' lang='lat' dir='ltr'><strong>set.</strong></span> <span class='ocrx_word' id='word_1_114' title='bbox 295 1632 334 1665; x_wconf 89' lang='lat' dir='ltr'><strong>B.</strong></span> <span class='ocrx_word' id='word_1_115' title='bbox 379 1634 412 1665; x_wconf 89' lang='lat' dir='ltr'><strong>Io</strong></span> <span class='ocrx_word' id='word_1_116' title='bbox 425 1642 523 1665; x_wconf 77' lang='lat' dir='ltr'><strong>amata</strong></span> <span class='ocrx_word' id='word_1_117' title='bbox 533 1632 615 1672; x_wconf 83' lang='lat' dir='ltr'><strong>Jovi,</strong></span> <span class='ocrx_word' id='word_1_118' title='bbox 627 1635 658 1665; x_wconf 87' lang='lat' dir='ltr'><strong>in</strong></span> <span class='ocrx_word' id='word_1_119' title='bbox 669 1634 775 1665; x_wconf 89' lang='lat' dir='ltr'><strong>bovem</strong></span> <span class='ocrx_word' id='word_1_120' title='bbox 786 1641 910 1671; x_wconf 69' lang='lat' dir='ltr'><strong>mutata,</strong></span> <span class='ocrx_word' id='word_1_121' title='bbox 921 1633 970 1664; x_wconf 84' lang='lat' dir='ltr'><strong>fu-</strong></span> 
     </span>
    </p>

    <p class='ocr_par' dir='ltr' id='par_1_21' title="bbox 239 1675 969 1720">
     <span class='ocr_line' id='line_1_26' title="bbox 239 1675 969 1720; baseline 0.001 -13"><span class='ocrx_word' id='word_1_122' title='bbox 239 1677 302 1707; x_wconf 84' lang='lat' dir='ltr'><strong>iens</strong></span> <span class='ocrx_word' id='word_1_123' title='bbox 316 1675 446 1708; x_wconf 80' lang='lat' dir='ltr'><strong>Junonis</strong></span> <span class='ocrx_word' id='word_1_124' title='bbox 457 1678 541 1715; x_wconf 81' lang='lat' dir='ltr'><strong>iram,</strong></span> <span class='ocrx_word' id='word_1_125' title='bbox 556 1677 588 1708; x_wconf 87' lang='lat' dir='ltr'><strong>in</strong></span> <span class='ocrx_word' id='word_1_126' title='bbox 608 1677 771 1720; x_wconf 79' lang='lat' dir='ltr'><strong>AEgyptum</strong></span> <span class='ocrx_word' id='word_1_127' title='bbox 783 1677 902 1708; x_wconf 83' lang='lat' dir='ltr'><strong>tandem</strong></span> <span class='ocrx_word' id='word_1_128' title='bbox 917 1676 969 1715; x_wconf 80' lang='lat' dir='ltr'><strong>de-</strong></span> 
     </span>
    </p>

    <p class='ocr_par' dir='ltr' id='par_1_22' title="bbox 217 1718 969 1838">
     <span class='ocr_line' id='line_1_27' title="bbox 246 1718 968 1763; baseline 0 -12"><span class='ocrx_word' id='word_1_129' title='bbox 246 1727 287 1758; x_wconf 81' lang='lat' dir='ltr'><strong>ta,</strong></span> <span class='ocrx_word' id='word_1_130' title='bbox 302 1729 396 1762; x_wconf 78' lang='lat' dir='ltr'><strong>nupta</strong></span> <span class='ocrx_word' id='word_1_131' title='bbox 410 1719 533 1758; x_wconf 87' lang='lat' dir='ltr'><strong>Osiridi,</strong></span> <span class='ocrx_word' id='word_1_132' title='bbox 545 1727 576 1750; x_wconf 89' lang='lat' dir='ltr'><strong>et</strong></span> <span class='ocrx_word' id='word_1_133' title='bbox 594 1718 649 1751; x_wconf 90' lang='lat' dir='ltr'><strong>Isis</strong></span> <span class='ocrx_word' id='word_1_134' title='bbox 664 1728 728 1763; x_wconf 86' lang='lat' dir='ltr'><strong>post</strong></span> <span class='ocrx_word' id='word_1_135' title='bbox 744 1727 869 1751; x_wconf 82' lang='lat' dir='ltr'><strong>mortem</strong></span> <span class='ocrx_word' id='word_1_136' title='bbox 882 1719 968 1751; x_wconf 84' lang='lat' dir='ltr'><strong>facta.</strong></span> 
     </span>
     <span class='ocr_line' id='line_1_28' title="bbox 221 1762 969 1806; baseline 0 -12"><span class='ocrx_word' id='word_1_137' title='bbox 221 1762 335 1794; x_wconf 82' lang='lat' dir='ltr'><strong>Orestes</strong></span> <span class='ocrx_word' id='word_1_138' title='bbox 351 1762 506 1794; x_wconf 79' lang='lat' dir='ltr'><strong>interfecta</strong></span> <span class='ocrx_word' id='word_1_139' title='bbox 519 1770 610 1794; x_wconf 81' lang='lat' dir='ltr'><strong>matre</strong></span> <span class='ocrx_word' id='word_1_140' title='bbox 626 1763 852 1806; x_wconf 76' lang='lat' dir='ltr'><strong>Clytaemnestra</strong></span> <span class='ocrx_word' id='word_1_141' title='bbox 875 1764 906 1794; x_wconf 92' lang='lat' dir='ltr'><strong>in</strong></span> <span class='ocrx_word' id='word_1_142' title='bbox 921 1762 969 1794; x_wconf 82' lang='lat' dir='ltr'><strong>fu-</strong></span> 
     </span>
     <span class='ocr_line' id='line_1_29' title="bbox 217 1806 733 1838; baseline 0.004 -2"><span class='ocrx_word' id='word_1_143' title='bbox 217 1816 315 1837; x_wconf 80' lang='lat' dir='ltr'><strong>rorem</strong></span> <span class='ocrx_word' id='word_1_144' title='bbox 329 1807 441 1838; x_wconf 81' lang='lat' dir='ltr'><strong>tristem</strong></span> <span class='ocrx_word' id='word_1_145' title='bbox 455 1814 537 1838; x_wconf 82' lang='lat' dir='ltr'><strong>actus</strong></span> <span class='ocrx_word' id='word_1_146' title='bbox 551 1819 568 1838; x_wconf 81' lang='lat' dir='ltr'>a</span> <span class='ocrx_word' id='word_1_147' title='bbox 579 1806 662 1838; x_wconf 85' lang='lat' dir='ltr'><strong>furiis</strong></span> <span class='ocrx_word' id='word_1_148' title='bbox 676 1815 733 1838; x_wconf 88' lang='lat' dir='ltr'><strong>etc.</strong></span> 
     </span>
    </p>

    <p class='ocr_par' dir='ltr' id='par_1_23' title="bbox 212 1849 973 2455">
     <span class='ocr_line' id='line_1_30' title="bbox 262 1849 969 1893; baseline 0 -13"><span class='ocrx_word' id='word_1_149' title='bbox 262 1856 323 1882; x_wconf 78' lang='lat'><strong>125</strong></span> <span class='ocrx_word' id='word_1_150' title='bbox 340 1850 552 1893; x_wconf 73' lang='lat' dir='ltr'><strong>Inexpertum,·</strong></span> <span class='ocrx_word' id='word_1_151' title='bbox 575 1860 592 1880; x_wconf 82' lang='lat' dir='ltr'><strong>a</strong></span> <span class='ocrx_word' id='word_1_152' title='bbox 608 1851 728 1882; x_wconf 89' lang='lat' dir='ltr'><strong>nemine</strong></span> <span class='ocrx_word' id='word_1_153' title='bbox 743 1849 888 1881; x_wconf 86' lang='lat' dir='ltr'><strong>hactenus</strong></span> <span class='ocrx_word' id='word_1_154' title='bbox 903 1857 969 1880; x_wconf 86' lang='lat' dir='ltr'><strong>ten-</strong></span> 
     </span>
     <span class='ocr_line' id='line_1_31' title="bbox 217 1892 970 1931; baseline 0 -8"><span class='ocrx_word' id='word_1_155' title='bbox 217 1899 313 1924; x_wconf 80' lang='lat' dir='ltr'><strong>tatum</strong></span> <span class='ocrx_word' id='word_1_156' title='bbox 321 1907 330 1931; x_wconf 69' lang='grc' dir='ltr'><strong><em>ς</em></strong></span> <span class='ocrx_word' id='word_1_157' title='bbox 364 1903 472 1925; x_wconf 89' lang='lat' dir='ltr'><strong>novum</strong></span> <span class='ocrx_word' id='word_1_158' title='bbox 496 1894 608 1924; x_wconf 84' lang='lat' dir='ltr'><strong>scilicet</strong></span> <span class='ocrx_word' id='word_1_159' title='bbox 629 1892 757 1925; x_wconf 83' lang='lat' dir='ltr'><strong>Thema.</strong></span> <span class='ocrx_word' id='word_1_160' title='bbox 805 1892 970 1924; x_wconf 84' lang='lat' dir='ltr'><strong>Metabasis</strong></span> 
     </span>
     <span class='ocr_line' id='line_1_32' title="bbox 216 1935 970 1980; baseline 0.001 -14"><span class='ocrx_word' id='word_1_161' title='bbox 216 1943 262 1966; x_wconf 85' lang='lat' dir='ltr'><strong>est</strong></span> <span class='ocrx_word' id='word_1_162' title='bbox 274 1936 310 1966; x_wconf 73' lang='lat' dir='ltr'><strong>ad</strong></span> <span class='ocrx_word' id='word_1_163' title='bbox 330 1936 522 1968; x_wconf 83' lang='lat' dir='ltr'><strong>undecimum</strong></span> <span class='ocrx_word' id='word_1_164' title='bbox 544 1945 738 1980; x_wconf 79' lang='lat' dir='ltr'><strong>praeceptum,</strong></span> <span class='ocrx_word' id='word_1_165' title='bbox 759 1935 811 1968; x_wconf 89' lang='lat' dir='ltr'><strong>De</strong></span> <span class='ocrx_word' id='word_1_166' title='bbox 825 1935 970 1968; x_wconf 87' lang='lat' dir='ltr'><strong>Veterum</strong></span> 
     </span>
     <span class='ocr_line' id='line_1_33' title="bbox 215 1977 399 2011; baseline -0.005 0"><span class='ocrx_word' id='word_1_167' title='bbox 215 1977 399 2011; x_wconf 79' lang='lat' dir='ltr'><strong>Imitatione.</strong></span> 
     </span>
     <span class='ocr_line' id='line_1_34' title="bbox 214 2020 970 2065; baseline 0 -12"><span class='ocrx_word' id='word_1_168' title='bbox 214 2020 217 2021; x_wconf 43' lang='lat'><em>⁷</em></span> <span class='ocrx_word' id='word_1_169' title='bbox 265 2029 323 2055; x_wconf 79' lang='lat'><strong>128</strong></span> <span class='ocrx_word' id='word_1_170' title='bbox 352 2023 476 2065; x_wconf 79' lang='lat' dir='ltr'><strong>Proprie</strong></span> <span class='ocrx_word' id='word_1_171' title='bbox 497 2023 666 2054; x_wconf 83' lang='lat' dir='ltr'><strong>communia</strong></span> <span class='ocrx_word' id='word_1_172' title='bbox 687 2023 780 2054; x_wconf 64' lang='lat' dir='ltr'><strong>dicere</strong></span> <span class='ocrx_word' id='word_1_173' title='bbox 790 2035 804 2062; x_wconf 88' lang='lat'><strong>,·</strong></span> <span class='ocrx_word' id='word_1_174' title='bbox 826 2021 858 2053; x_wconf 85' lang='lat' dir='ltr'><strong>h.</strong></span> <span class='ocrx_word' id='word_1_175' title='bbox 874 2033 900 2053; x_wconf 93' lang='lat' dir='ltr'><strong>e.</strong></span> <span class='ocrx_word' id='word_1_176' title='bbox 924 2033 970 2053; x_wconf 82' lang='lat' dir='ltr'><strong>res</strong></span> 
     </span>
     <span class='ocr_line' id='line_1_35' title="bbox 216 2064 971 2108; baseline 0.001 -13"><span class='ocrx_word' id='word_1_177' title='bbox 216 2066 350 2108; x_wconf 75' lang='lat' dir='ltr'><strong>vulgares</strong></span> <span class='ocrx_word' id='word_1_178' title='bbox 372 2066 487 2096; x_wconf 80' lang='lat' dir='ltr'><strong>disertis</strong></span> <span class='ocrx_word' id='word_1_179' title='bbox 503 2066 596 2096; x_wconf 85' lang='lat' dir='ltr'><strong>verbis</strong></span> <span class='ocrx_word' id='word_1_180' title='bbox 611 2076 761 2104; x_wconf 83' lang='lat' dir='ltr'><strong>enarrare3</strong></span> <span class='ocrx_word' id='word_1_181' title='bbox 783 2065 829 2096; x_wconf 91' lang='lat' dir='ltr'><strong>vel</strong></span> <span class='ocrx_word' id='word_1_182' title='bbox 856 2064 971 2096; x_wconf 79' lang='lat' dir='ltr'><strong>humile</strong></span> 
     </span>
     <span class='ocr_line' id='line_1_36' title="bbox 216 2107 971 2152; baseline 0 -12"><span class='ocrx_word' id='word_1_183' title='bbox 216 2107 335 2141; x_wconf 81' lang='lat' dir='ltr'><strong>Thema</strong></span> <span class='ocrx_word' id='word_1_184' title='bbox 349 2119 418 2140; x_wconf 87' lang='lat' dir='ltr'><strong>cum</strong></span> <span class='ocrx_word' id='word_1_185' title='bbox 434 2109 578 2151; x_wconf 88' lang='lat' dir='ltr'><strong>dignitate</strong></span> <span class='ocrx_word' id='word_1_186' title='bbox 598 2116 730 2140; x_wconf 82' lang='lat' dir='ltr'><strong>tractare.</strong></span> <span class='ocrx_word' id='word_1_187' title='bbox 775 2108 908 2152; x_wconf 60' lang='lat' dir='ltr'><strong>Difficile</strong></span> <span class='ocrx_word' id='word_1_188' title='bbox 929 2114 971 2140; x_wconf 84' lang='lat' dir='ltr'><strong>est</strong></span> 
     </span>
     <span class='ocr_line' id='line_1_37' title="bbox 219 2151 970 2195; baseline 0 -12"><span class='ocrx_word' id='word_1_189' title='bbox 219 2163 387 2184; x_wconf 82' lang='lat' dir='ltr'><strong>com-munes</strong></span> <span class='ocrx_word' id='word_1_190' title='bbox 399 2163 446 2184; x_wconf 84' lang='lat' dir='ltr'><strong>res</strong></span> <span class='ocrx_word' id='word_1_191' title='bbox 457 2153 587 2195; x_wconf 66' lang='lat' dir='ltr'><strong>propriis</strong></span> <span class='ocrx_word' id='word_1_192' title='bbox 599 2153 747 2192; x_wconf 57' lang='lat' dir='ltr'><strong>aplicare</strong></span> <span class='ocrx_word' id='word_1_193' title='bbox 760 2153 862 2184; x_wconf 82' lang='lat' dir='ltr'><strong>verbis.</strong></span> <span class='ocrx_word' id='word_1_194' title='bbox 898 2151 970 2183; x_wconf 86' lang='lat' dir='ltr'><strong>Vet.</strong></span> 
     </span>
     <span class='ocr_line' id='line_1_38' title="bbox 217 2194 970 2238; baseline 0 -12"><span class='ocrx_word' id='word_1_195' title='bbox 217 2194 322 2226; x_wconf 83' lang='lat' dir='ltr'><strong>Schol.</strong></span> <span class='ocrx_word' id='word_1_196' title='bbox 344 2195 382 2226; x_wconf 93' lang='lat' dir='ltr'><strong>B.</strong></span> <span class='ocrx_word' id='word_1_197' title='bbox 427 2196 550 2238; x_wconf 81' lang='lat' dir='ltr'><strong>Proprie</strong></span> <span class='ocrx_word' id='word_1_198' title='bbox 562 2195 655 2227; x_wconf 79' lang='lat' dir='ltr'><strong>dicere</strong></span> <span class='ocrx_word' id='word_1_199' title='bbox 666 2202 710 2226; x_wconf 80' lang='lat' dir='ltr'><strong>est</strong></span> <span class='ocrx_word' id='word_1_200' title='bbox 725 2196 765 2226; x_wconf 80' lang='lat' dir='ltr'><strong>ita</strong></span> <span class='ocrx_word' id='word_1_201' title='bbox 779 2195 910 2236; x_wconf 88' lang='lat' dir='ltr'><strong>undique</strong></span> <span class='ocrx_word' id='word_1_202' title='bbox 919 2195 970 2226; x_wconf 91' lang='lat' dir='ltr'><strong>de-</strong></span> 
     </span>
     <span class='ocr_line' id='line_1_39' title="bbox 217 2238 971 2279; baseline 0 -10"><span class='ocrx_word' id='word_1_203' title='bbox 217 2239 343 2270; x_wconf 84' lang='lat' dir='ltr'><strong>scribere</strong></span> <span class='ocrx_word' id='word_1_204' title='bbox 359 2249 392 2270; x_wconf 80' lang='lat' dir='ltr'><strong>ac</strong></span> <span class='ocrx_word' id='word_1_205' title='bbox 408 2239 504 2277; x_wconf 80' lang='lat' dir='ltr'><strong>finire,</strong></span> <span class='ocrx_word' id='word_1_206' title='bbox 518 2245 551 2269; x_wconf 84' lang='lat' dir='ltr'><strong>ut</strong></span> <span class='ocrx_word' id='word_1_207' title='bbox 560 2239 625 2279; x_wconf 78' lang='lat' dir='ltr'><strong>jam</strong></span> <span class='ocrx_word' id='word_1_208' title='bbox 637 2249 697 2270; x_wconf 87' lang='lat' dir='ltr'><strong>non</strong></span> <span class='ocrx_word' id='word_1_209' title='bbox 713 2249 873 2269; x_wconf 84' lang='lat' dir='ltr'><strong>commune</strong></span> <span class='ocrx_word' id='word_1_210' title='bbox 884 2238 971 2279; x_wconf 83' lang='lat' dir='ltr'><strong>quid-</strong></span> 
     </span>
     <span class='ocr_line' id='line_1_40' title="bbox 212 2281 969 2324; baseline -0.001 -11"><span class='ocrx_word' id='word_1_211' title='bbox 212 2282 283 2324; x_wconf 47' lang='lat' dir='ltr'><strong>⁶dam</strong></span> <span class='ocrx_word' id='word_1_212' title='bbox 296 2290 348 2324; x_wconf 73' lang='lat' dir='ltr'><strong>aut</strong></span> <span class='ocrx_word' id='word_1_213' title='bbox 361 2282 498 2324; x_wconf 86' lang='lat' dir='ltr'><strong>generale</strong></span> <span class='ocrx_word' id='word_1_214' title='bbox 511 2282 654 2321; x_wconf 80' lang='lat' dir='ltr'><strong>videatur,</strong></span> <span class='ocrx_word' id='word_1_215' title='bbox 666 2281 718 2312; x_wconf 85' lang='lat' dir='ltr'><strong>sed</strong></span> <span class='ocrx_word' id='word_1_216' title='bbox 732 2281 926 2319; x_wconf 68' lang='lat' dir='ltr'><strong>individuum,</strong></span> <span class='ocrx_word' id='word_1_217' title='bbox 938 2283 969 2313; x_wconf 90' lang='lat' dir='ltr'><strong>in</strong></span> 
     </span>
     <span class='ocr_line' id='line_1_41' title="bbox 217 2325 970 2367; baseline -0.001 -11"><span class='ocrx_word' id='word_1_218' title='bbox 217 2336 279 2366; x_wconf 85' lang='lat' dir='ltr'><strong>quo</strong></span> <span class='ocrx_word' id='word_1_219' title='bbox 302 2327 403 2357; x_wconf 87' lang='lat' dir='ltr'><strong>onmia</strong></span> <span class='ocrx_word' id='word_1_220' title='bbox 428 2333 499 2356; x_wconf 87' lang='lat' dir='ltr'><strong>sunt</strong></span> <span class='ocrx_word' id='word_1_221' title='bbox 520 2325 726 2363; x_wconf 82' lang='lat' dir='ltr'><strong>determinata,</strong></span> <span class='ocrx_word' id='word_1_222' title='bbox 747 2332 782 2356; x_wconf 86' lang='lat' dir='ltr'><strong>ut</strong></span> <span class='ocrx_word' id='word_1_223' title='bbox 806 2325 970 2367; x_wconf 82' lang='lat' dir='ltr'><strong>loquuntur</strong></span> 
     </span>
     <span class='ocr_line' id='line_1_42' title="bbox 215 2367 973 2412; baseline -0.005 -10"><span class='ocrx_word' id='word_1_224' title='bbox 215 2367 402 2412; x_wconf 86' lang='lat' dir='ltr'><strong>Philosophi.</strong></span> <span class='ocrx_word' id='word_1_225' title='bbox 437 2367 578 2407; x_wconf 80' lang='lat' dir='ltr'><strong>Picturae,</strong></span> <span class='ocrx_word' id='word_1_226' title='bbox 589 2376 624 2400; x_wconf 87' lang='lat' dir='ltr'><strong>ut</strong></span> <span class='ocrx_word' id='word_1_227' title='bbox 637 2369 754 2412; x_wconf 85' lang='lat' dir='ltr'><strong>proprie</strong></span> <span class='ocrx_word' id='word_1_228' title='bbox 767 2368 834 2399; x_wconf 82' lang='lat' dir='ltr'><strong>talis</strong></span> <span class='ocrx_word' id='word_1_229' title='bbox 848 2369 890 2399; x_wconf 87' lang='lat' dir='ltr'><strong>sic</strong></span> <span class='ocrx_word' id='word_1_230' title='bbox 902 2378 973 2410; x_wconf 89' lang='lat' dir='ltr'><strong>poe-</strong></span> 
     </span>
     <span class='ocr_line' id='line_1_43' title="bbox 217 2412 971 2455; baseline 0 -12"><span class='ocrx_word' id='word_1_231' title='bbox 217 2413 298 2451; x_wconf 82' lang='lat' dir='ltr'><strong>ticae,</strong></span> <span class='ocrx_word' id='word_1_232' title='bbox 320 2413 413 2454; x_wconf 88' lang='lat' dir='ltr'><strong>major</strong></span> <span class='ocrx_word' id='word_1_233' title='bbox 434 2412 500 2444; x_wconf 82' lang='lat' dir='ltr'><strong>laus</strong></span> <span class='ocrx_word' id='word_1_234' title='bbox 519 2413 544 2444; x_wconf 91' lang='lat' dir='ltr'><strong>si</strong></span> <span class='ocrx_word' id='word_1_235' title='bbox 570 2423 633 2444; x_wconf 85' lang='lat' dir='ltr'><strong>rem</strong></span> <span class='ocrx_word' id='word_1_236' title='bbox 655 2412 834 2455; x_wconf 80' lang='lat' dir='ltr'><strong>singularem</strong></span> <span class='ocrx_word' id='word_1_237' title='bbox 858 2413 971 2455; x_wconf 65' lang='lat' dir='ltr'><strong>pingat.</strong></span> 
     </span>
    </p>
   </div>
   <div class='ocr_carea' id='block_1_21' title="bbox 217 2499 994 3060">
    <p class='ocr_par' dir='ltr' id='par_1_24' title="bbox 264 2499 660 2537">
     <span class='ocr_line' id='line_1_44' title="bbox 264 2499 660 2537; baseline -0.003 -6"><span class='ocrx_word' id='word_1_238' title='bbox 264 2507 326 2534; x_wconf 81' lang='lat'><strong>129</strong></span> <span class='ocrx_word' id='word_1_239' title='bbox 341 2500 471 2537; x_wconf 66' lang='lat' dir='ltr'><strong>erius,</strong></span> <span class='ocrx_word' id='word_1_240' title='bbox 485 2499 660 2530; x_wconf 83' lang='lat' dir='ltr'><strong>consultius.</strong></span> 
     </span>
    </p>

    <p class='ocr_par' dir='ltr' id='par_1_25' title="bbox 262 2540 994 2586">
     <span class='ocr_line' id='line_1_45' title="bbox 262 2540 994 2586; baseline -0.004 -11"><span class='ocrx_word' id='word_1_241' title='bbox 262 2543 415 2582; x_wconf 81' lang='lat' dir='ltr'><strong>Deducis;</strong></span> <span class='ocrx_word' id='word_1_242' title='bbox 437 2554 455 2574; x_wconf 78' lang='lat' dir='ltr'>a</span> <span class='ocrx_word' id='word_1_243' title='bbox 469 2541 599 2573; x_wconf 80' lang='lat' dir='ltr'><strong>lanificis</strong></span> <span class='ocrx_word' id='word_1_244' title='bbox 614 2542 703 2573; x_wconf 86' lang='lat' dir='ltr'><strong>ducta</strong></span> <span class='ocrx_word' id='word_1_245' title='bbox 722 2540 903 2583; x_wconf 86' lang='lat' dir='ltr'><strong>Metaphora</strong></span> <span class='ocrx_word' id='word_1_246' title='bbox 917 2548 971 2573; x_wconf 86' lang='lat' dir='ltr'><strong>est.</strong></span> <span class='ocrx_word' id='word_1_247' title='bbox 992 2583 994 2586; x_wconf 20' lang='lat' dir='ltr'>v</span> 
     </span>
    </p>

    <p class='ocr_par' dir='ltr' id='par_1_26' title="bbox 217 2584 972 2746">
     <span class='ocr_line' id='line_1_46' title="bbox 263 2584 972 2625; baseline -0.001 -8"><span class='ocrx_word' id='word_1_248' title='bbox 263 2592 322 2618; x_wconf 87' lang='lat'><strong>131</strong></span> <span class='ocrx_word' id='word_1_249' title='bbox 341 2587 466 2618; x_wconf 81' lang='lat' dir='ltr'><strong>Publica</strong></span> <span class='ocrx_word' id='word_1_250' title='bbox 479 2587 618 2617; x_wconf 78' lang='lat' dir='ltr'><strong>materies</strong></span> <span class='ocrx_word' id='word_1_251' title='bbox 626 2598 640 2625; x_wconf 92' lang='lat'><em>;</em></span> <span class='ocrx_word' id='word_1_252' title='bbox 661 2584 693 2616; x_wconf 88' lang='lat' dir='ltr'><strong>h.</strong></span> <span class='ocrx_word' id='word_1_253' title='bbox 715 2597 743 2617; x_wconf 88' lang='lat' dir='ltr'><strong>c.</strong></span> <span class='ocrx_word' id='word_1_254' title='bbox 762 2585 844 2624; x_wconf 81' lang='lat' dir='ltr'><strong>Ilias,</strong></span> <span class='ocrx_word' id='word_1_255' title='bbox 858 2593 889 2616; x_wconf 89' lang='lat' dir='ltr'><strong>et</strong></span> <span class='ocrx_word' id='word_1_256' title='bbox 903 2585 972 2616; x_wconf 83' lang='lat' dir='ltr'><strong>reli-</strong></span> 
     </span>
     <span class='ocr_line' id='line_1_47' title="bbox 217 2628 596 2672; baseline 0 -12"><span class='ocrx_word' id='word_1_257' title='bbox 217 2640 276 2672; x_wconf 86' lang='lat' dir='ltr'><strong>qua</strong></span> <span class='ocrx_word' id='word_1_258' title='bbox 290 2628 434 2661; x_wconf 88' lang='lat' dir='ltr'><strong>Veterum</strong></span> <span class='ocrx_word' id='word_1_259' title='bbox 447 2628 596 2661; x_wconf 76' lang='lat' dir='ltr'><strong>Carmina.</strong></span> 
     </span>
     <span class='ocr_line' id='line_1_48' title="bbox 220 2670 969 2746; baseline -0.001 -43"><span class='ocrx_word' id='word_1_260' title='bbox 220 2713 244 2746; x_wconf 79' lang='lat' dir='ltr'>S</span> <span class='ocrx_word' id='word_1_261' title='bbox 261 2673 381 2746; x_wconf 58' lang='grc' dir='ltr'><strong>ζήυαίἰ</strong></span> <span class='ocrx_word' id='word_1_262' title='bbox 398 2671 483 2715; x_wconf 79' lang='lat' dir='ltr'><strong>juris</strong></span> <span class='ocrx_word' id='word_1_263' title='bbox 505 2673 582 2712; x_wconf 76' lang='lat' dir='ltr'><strong>en&#39;t3</strong></span> <span class='ocrx_word' id='word_1_264' title='bbox 594 2672 654 2714; x_wconf 78' lang='lat' dir='ltr'><strong>fiet</strong></span> <span class='ocrx_word' id='word_1_265' title='bbox 678 2672 766 2712; x_wconf 58' lang='lat' dir='ltr'><strong>quasi</strong></span> <span class='ocrx_word' id='word_1_266' title='bbox 792 2676 855 2704; x_wconf 75' lang='lat' dir='ltr'><strong>tua.</strong></span> <span class='ocrx_word' id='word_1_267' title='bbox 897 2670 969 2703; x_wconf 91' lang='lat' dir='ltr'><strong>Vet.</strong></span> 
     </span>
    </p>

    <p class='ocr_par' dir='ltr' id='par_1_27' title="bbox 246 2716 662 2748">
     <span class='ocr_line' id='line_1_49' title="bbox 246 2716 662 2748; baseline -0.002 -2"><span class='ocrx_word' id='word_1_268' title='bbox 246 2725 261 2746; x_wconf 89' lang='lat' dir='ltr'><strong>c</strong></span> <span class='ocrx_word' id='word_1_269' title='bbox 285 2716 326 2748; x_wconf 92' lang='lat' dir='ltr'><strong>ol.</strong></span> <span class='ocrx_word' id='word_1_270' title='bbox 659 2742 662 2745; x_wconf 24' lang='lat' dir='ltr'><strong>l</strong></span> 
     </span>
    </p>

    <p class='ocr_par' dir='ltr' id='par_1_28' title="bbox 222 2758 974 2844">
     <span class='ocr_line' id='line_1_50' title="bbox 263 2758 974 2801; baseline -0.001 -11"><span class='ocrx_word' id='word_1_271' title='bbox 263 2765 323 2791; x_wconf 75' lang='lat'><strong>132</strong></span> <span class='ocrx_word' id='word_1_272' title='bbox 343 2760 375 2789; x_wconf 93' lang='lat' dir='ltr'><em>V</em></span> <span class='ocrx_word' id='word_1_273' title='bbox 373 2760 443 2790; x_wconf 79' lang='lat' dir='ltr'><strong>ilem</strong></span> <span class='ocrx_word' id='word_1_274' title='bbox 454 2760 655 2801; x_wconf 77' lang='lat' dir='ltr'><strong>patulumque</strong></span> <span class='ocrx_word' id='word_1_275' title='bbox 662 2770 677 2798; x_wconf 82' lang='grc'><strong>,-</strong></span> <span class='ocrx_word' id='word_1_276' title='bbox 692 2758 795 2789; x_wconf 85' lang='lat' dir='ltr'><strong>tritum</strong></span> <span class='ocrx_word' id='word_1_277' title='bbox 807 2765 896 2800; x_wconf 79' lang='lat' dir='ltr'><strong>atque</strong></span> <span class='ocrx_word' id='word_1_278' title='bbox 908 2768 974 2789; x_wconf 86' lang='lat' dir='ltr'><strong>orn-</strong></span> 
     </span>
     <span class='ocr_line' id='line_1_51' title="bbox 222 2801 676 2844; baseline 0 -12"><span class='ocrx_word' id='word_1_279' title='bbox 222 2801 312 2833; x_wconf 79' lang='lat' dir='ltr'><strong>nibus</strong></span> <span class='ocrx_word' id='word_1_280' title='bbox 325 2803 492 2844; x_wconf 79' lang='lat' dir='ltr'><strong>expositum</strong></span> <span class='ocrx_word' id='word_1_281' title='bbox 507 2808 536 2832; x_wconf 85' lang='lat' dir='ltr'><strong>et</strong></span> <span class='ocrx_word' id='word_1_282' title='bbox 551 2801 676 2832; x_wconf 84' lang='lat' dir='ltr'><strong>nudum.</strong></span> 
     </span>
    </p>

    <p class='ocr_par' dir='ltr' id='par_1_29' title="bbox 217 2846 977 3060">
     <span class='ocr_line' id='line_1_52' title="bbox 263 2846 976 2887; baseline -0.001 -11"><span class='ocrx_word' id='word_1_283' title='bbox 263 2846 451 2884; x_wconf 77' lang='lat' dir='ltr'><strong>Moraheris5</strong></span> <span class='ocrx_word' id='word_1_284' title='bbox 466 2853 564 2876; x_wconf 85' lang='lat' dir='ltr'><strong>totum</strong></span> <span class='ocrx_word' id='word_1_285' title='bbox 578 2851 697 2887; x_wconf 79' lang='lat' dir='ltr'><strong>tempus</strong></span> <span class='ocrx_word' id='word_1_286' title='bbox 712 2851 798 2875; x_wconf 87' lang='lat' dir='ltr'><strong>tuum</strong></span> <span class='ocrx_word' id='word_1_287' title='bbox 808 2853 976 2875; x_wconf 81' lang='lat' dir='ltr'><strong>&#39;consumes-</strong></span> 
     </span>
     <span class='ocr_line' id='line_1_53' title="bbox 217 2886 977 2932; baseline 0 -14"><span class='ocrx_word' id='word_1_288' title='bbox 217 2887 222 2892; x_wconf 82' lang='grc'><strong>”</strong></span> <span class='ocrx_word' id='word_1_289' title='bbox 272 2887 398 2927; x_wconf 80' lang='lat' dir='ltr'><strong>Orhem3</strong></span> <span class='ocrx_word' id='word_1_290' title='bbox 412 2887 527 2926; x_wconf 67' lang='grc' dir='ltr'><strong>κύκλον,</strong></span> <span class='ocrx_word' id='word_1_291' title='bbox 546 2886 674 2932; x_wconf 67' lang='grc' dir='ltr'><strong>περίοδον.</strong></span> <span class='ocrx_word' id='word_1_292' title='bbox 696 2886 744 2918; x_wconf 82' lang='lat' dir='ltr'><strong>Ita</strong></span> <span class='ocrx_word' id='word_1_293' title='bbox 757 2888 898 2919; x_wconf 77' lang='lat' dir='ltr'><strong>universae</strong></span> <span class='ocrx_word' id='word_1_294' title='bbox 912 2898 977 2918; x_wconf 77' lang='lat' dir='ltr'><strong>ma-</strong></span> 
     </span>
     <span class='ocr_line' id='line_1_54' title="bbox 222 2929 976 2973; baseline 0.001 -14"><span class='ocrx_word' id='word_1_295' title='bbox 222 2930 305 2960; x_wconf 79' lang='lat' dir='ltr'><strong>teriae</strong></span> <span class='ocrx_word' id='word_1_296' title='bbox 333 2930 629 2973; x_wconf 86' lang='lat' dir='ltr'><strong>comprehensionem</strong></span> <span class='ocrx_word' id='word_1_297' title='bbox 665 2930 858 2973; x_wconf 79' lang='lat' dir='ltr'><strong>appellavere,</strong></span> <span class='ocrx_word' id='word_1_298' title='bbox 886 2929 976 2961; x_wconf 80' lang='lat' dir='ltr'><strong>ducta&#39;.</strong></span> 
     </span>
     <span class='ocr_line' id='line_1_55' title="bbox 224 2970 976 3015; baseline 0 -12"><span class='ocrx_word' id='word_1_299' title='bbox 224 2970 407 3015; x_wconf 81' lang='lat' dir='ltr'><strong>Metaphora</strong></span> <span class='ocrx_word' id='word_1_300' title='bbox 421 2985 439 3004; x_wconf 88' lang='lat' dir='ltr'>a</span> <span class='ocrx_word' id='word_1_301' title='bbox 453 2974 542 3006; x_wconf 89' lang='lat' dir='ltr'><strong>Circo</strong></span> <span class='ocrx_word' id='word_1_302' title='bbox 554 2986 562 3005; x_wconf 74' lang='lat' dir='ltr'><strong>t</strong></span> <span class='ocrx_word' id='word_1_303' title='bbox 585 2975 626 3005; x_wconf 89' lang='lat' dir='ltr'><strong>sic</strong></span> <span class='ocrx_word' id='word_1_304' title='bbox 646 2974 761 3010; x_wconf 87' lang='lat' dir='ltr'><strong>Orbem</strong></span> <span class='ocrx_word' id='word_1_305' title='bbox 775 2981 916 3006; x_wconf 80' lang='lat' dir='ltr'><strong>terrarum</strong></span> <span class='ocrx_word' id='word_1_306' title='bbox 931 2973 976 3003; x_wconf 89' lang='lat' dir='ltr'><strong>di-</strong></span> 
     </span>
     <span class='ocr_line' id='line_1_56' title="bbox 226 3014 975 3060; baseline 0.001 -14"><span class='ocrx_word' id='word_1_307' title='bbox 226 3026 293 3047; x_wconf 84' lang='lat' dir='ltr'><strong>cere</strong></span> <span class='ocrx_word' id='word_1_308' title='bbox 304 3018 509 3049; x_wconf 84' lang='lat' dir='ltr'><strong>consuevimus</strong></span> <span class='ocrx_word' id='word_1_309' title='bbox 522 3028 577 3060; x_wconf 90' lang='lat' dir='ltr'><strong>pro</strong></span> <span class='ocrx_word' id='word_1_310' title='bbox 592 3016 801 3049; x_wconf 82' lang='lat' dir='ltr'><strong>Universitate.</strong></span> <span class='ocrx_word' id='word_1_311' title='bbox 845 3014 916 3048; x_wconf 82' lang='lat' dir='ltr'><strong>Hoc</strong></span> <span class='ocrx_word' id='word_1_312' title='bbox 930 3016 975 3048; x_wconf 90' lang='lat' dir='ltr'><strong>vel</strong></span> 
     </span>
    </p>
   </div>
   <div class='ocr_carea' id='block_1_22' title="bbox 1023 1372 1699 1418">
    <p class='ocr_par' dir='ltr' id='par_1_30' title="bbox 1023 1372 1699 1418">
     <span class='ocr_line' id='line_1_57' title="bbox 1023 1372 1699 1418; baseline 0.004 -14"><span class='ocrx_word' id='word_1_313' title='bbox 1023 1378 1083 1405; x_wconf 82' lang='grc'><strong>135</strong></span> <span class='ocrx_word' id='word_1_314' title='bbox 1098 1372 1207 1405; x_wconf 83' lang='lat' dir='ltr'><strong>referre</strong></span> <span class='ocrx_word' id='word_1_315' title='bbox 1222 1373 1297 1406; x_wconf 80' lang='lat' dir='ltr'><strong>MS.</strong></span> <span class='ocrx_word' id='word_1_316' title='bbox 1310 1383 1362 1418; x_wconf 81' lang='lat' dir='ltr'><strong>ap.</strong></span> <span class='ocrx_word' id='word_1_317' title='bbox 1376 1374 1454 1407; x_wconf 66' lang='lat' dir='ltr'><strong>Aen.</strong></span> <span class='ocrx_word' id='word_1_318' title='bbox 1465 1373 1547 1407; x_wconf 79' lang='lat' dir='ltr'><strong>Stat.</strong></span> <span class='ocrx_word' id='word_1_319' title='bbox 1561 1373 1699 1406; x_wconf 69' lang='lat' dir='ltr'><strong>Lambin·</strong></span> 
     </span>
    </p>
   </div>
   <div class='ocr_carea' id='block_1_23' title="bbox 1010 1504 1769 3049">
    <p class='ocr_par' dir='ltr' id='par_1_31' title="bbox 1010 1504 1769 2141">
     <span class='ocr_line' id='line_1_58' title="bbox 1012 1504 1768 1551; baseline 0.005 -16"><span class='ocrx_word' id='word_1_320' title='bbox 1012 1504 1195 1536; x_wconf 84' lang='lat' dir='ltr'><strong>doctissimos</strong></span> <span class='ocrx_word' id='word_1_321' title='bbox 1231 1506 1351 1537; x_wconf 80' lang='lat' dir='ltr'><strong>latuisse</strong></span> <span class='ocrx_word' id='word_1_322' title='bbox 1383 1505 1519 1537; x_wconf 78' lang='lat' dir='ltr'><strong>admiror.</strong></span> <span class='ocrx_word' id='word_1_323' title='bbox 1566 1504 1768 1551; x_wconf 68' lang='grc' dir='ltr'><strong>Πιςιοδοηίκην</strong></span> 
     </span>
     <span class='ocr_line' id='line_1_59' title="bbox 1011 1547 1765 1599; baseline 0.004 -21"><span class='ocrx_word' id='word_1_324' title='bbox 1011 1547 1088 1598; x_wconf 68' lang='lat' dir='ltr'><strong>male</strong></span> <span class='ocrx_word' id='word_1_325' title='bbox 1102 1549 1217 1599; x_wconf 56' lang='lat' dir='ltr'><strong>eccepit</strong></span> <span class='ocrx_word' id='word_1_326' title='bbox 1237 1550 1327 1580; x_wconf 77' lang='lat' dir='ltr'><strong>etiam</strong></span> <span class='ocrx_word' id='word_1_327' title='bbox 1347 1560 1472 1592; x_wconf 80' lang='lat' dir='ltr'><strong>magnus</strong></span> <span class='ocrx_word' id='word_1_328' title='bbox 1491 1548 1638 1582; x_wconf 82' lang='lat' dir='ltr'><strong>Gruterus</strong></span> <span class='ocrx_word' id='word_1_329' title='bbox 1659 1550 1691 1581; x_wconf 90' lang='lat' dir='ltr'><strong>in</strong></span> <span class='ocrx_word' id='word_1_330' title='bbox 1713 1549 1765 1581; x_wconf 88' lang='lat' dir='ltr'><strong>In-</strong></span> 
     </span>
     <span class='ocr_line' id='line_1_60' title="bbox 1010 1592 1766 1677; baseline 0.005 -13"><span class='ocrx_word' id='word_1_331' title='bbox 1010 1592 1766 1677; x_wconf 53' lang='lat' dir='ltr'><strong>sszpssssflfid‘ffifflffi‘fflffloffltffizssss‘t</strong></span> 
     </span>
     <span class='ocr_line' id='line_1_61' title="bbox 1016 1677 1769 1720; baseline 0.005 -13"><span class='ocrx_word' id='word_1_332' title='bbox 1016 1677 1051 1707; x_wconf 81' lang='lat' dir='ltr'><strong>In</strong></span> <span class='ocrx_word' id='word_1_333' title='bbox 1083 1677 1243 1720; x_wconf 77' lang='lat' dir='ltr'><strong>Gymnicis</strong></span> <span class='ocrx_word' id='word_1_334' title='bbox 1268 1678 1474 1711; x_wconf 72' lang='lat' dir='ltr'><strong>certaminibus</strong></span> <span class='ocrx_word' id='word_1_335' title='bbox 1495 1679 1641 1710; x_wconf 71' lang='lat' dir='ltr'><strong>Per-iodon</strong></span> <span class='ocrx_word' id='word_1_336' title='bbox 1664 1680 1769 1712; x_wconf 73' lang='lat' dir='ltr'><strong>vicisse</strong></span> 
     </span>
     <span class='ocr_line' id='line_1_62' title="bbox 1011 1720 1766 1768; baseline 0.007 -18"><span class='ocrx_word' id='word_1_337' title='bbox 1011 1720 1121 1768; x_wconf 46' lang='lat' dir='ltr'><strong>dicitur</strong></span> <span class='ocrx_word' id='word_1_338' title='bbox 1130 1722 1182 1762; x_wconf 82' lang='lat' dir='ltr'><strong>qui</strong></span> <span class='ocrx_word' id='word_1_339' title='bbox 1197 1721 1323 1763; x_wconf 78' lang='lat' dir='ltr'><strong>Pythia,</strong></span> <span class='ocrx_word' id='word_1_340' title='bbox 1332 1722 1470 1759; x_wconf 80' lang='lat' dir='ltr'><strong>Isthmia,</strong></span> <span class='ocrx_word' id='word_1_341' title='bbox 1481 1722 1605 1761; x_wconf 80' lang='lat' dir='ltr'><strong>Nemea,</strong></span> <span class='ocrx_word' id='word_1_342' title='bbox 1619 1722 1766 1766; x_wconf 80' lang='lat' dir='ltr'><strong>Olympia</strong></span> 
     </span>
     <span class='ocr_line' id='line_1_63' title="bbox 1011 1763 1763 1807; baseline 0.007 -14"><span class='ocrx_word' id='word_1_343' title='bbox 1011 1763 1104 1802; x_wconf 71' lang='grc' dir='ltr'><em>υτσίες</em></span> <span class='ocrx_word' id='word_1_344' title='bbox 1140 1775 1160 1794; x_wconf 87' lang='grc' dir='ltr'><em>α</em></span> <span class='ocrx_word' id='word_1_345' title='bbox 1190 1765 1345 1796; x_wconf 80' lang='lat' dir='ltr'><strong>circumitu</strong></span> <span class='ocrx_word' id='word_1_346' title='bbox 1382 1775 1483 1796; x_wconf 78' lang='lat' dir='ltr'><strong>eorum</strong></span> <span class='ocrx_word' id='word_1_347' title='bbox 1519 1767 1763 1807; x_wconf 61' lang='lat' dir='ltr'><strong>spectaculorum.</strong></span> 
     </span>
     <span class='ocr_line' id='line_1_64' title="bbox 1011 1804 1765 1851; baseline 0.001 -13"><span class='ocrx_word' id='word_1_348' title='bbox 1011 1804 1127 1838; x_wconf 87' lang='lat' dir='ltr'><strong>Festus.</strong></span> <span class='ocrx_word' id='word_1_349' title='bbox 1150 1805 1189 1838; x_wconf 90' lang='lat' dir='ltr'><strong>B.</strong></span> <span class='ocrx_word' id='word_1_350' title='bbox 1235 1806 1335 1847; x_wconf 71' lang='lat' dir='ltr'><strong>Orbis,</strong></span> <span class='ocrx_word' id='word_1_351' title='bbox 1357 1818 1381 1838; x_wconf 89' lang='lat' dir='ltr'><strong>s.</strong></span> <span class='ocrx_word' id='word_1_352' title='bbox 1424 1806 1533 1850; x_wconf 88' lang='lat' dir='ltr'><strong>Cyclus</strong></span> <span class='ocrx_word' id='word_1_353' title='bbox 1563 1815 1608 1840; x_wconf 82' lang='lat' dir='ltr'><strong>est</strong></span> <span class='ocrx_word' id='word_1_354' title='bbox 1636 1815 1765 1851; x_wconf 73' lang='lat' dir='ltr'><strong>systema</strong></span> 
     </span>
     <span class='ocr_line' id='line_1_65' title="bbox 1012 1849 1766 1894; baseline 0.004 -14"><span class='ocrx_word' id='word_1_355' title='bbox 1012 1849 1159 1890; x_wconf 83' lang='lat' dir='ltr'><strong>quoddam</strong></span> <span class='ocrx_word' id='word_1_356' title='bbox 1173 1849 1339 1881; x_wconf 78' lang='lat' dir='ltr'><strong>fabularum</strong></span> <span class='ocrx_word' id='word_1_357' title='bbox 1353 1851 1549 1892; x_wconf 73' lang='lat' dir='ltr'><strong>poeticarum,</strong></span> <span class='ocrx_word' id='word_1_358' title='bbox 1564 1850 1766 1894; x_wconf 75' lang='lat' dir='ltr'><strong>aTheogonia</strong></span> 
     </span>
     <span class='ocr_line' id='line_1_66' title="bbox 1012 1892 1766 1935; baseline 0.004 -12"><span class='ocrx_word' id='word_1_359' title='bbox 1012 1892 1081 1924; x_wconf 88' lang='lat' dir='ltr'><strong>inde</strong></span> <span class='ocrx_word' id='word_1_360' title='bbox 1094 1892 1130 1923; x_wconf 85' lang='lat' dir='ltr'><strong>ad</strong></span> <span class='ocrx_word' id='word_1_361' title='bbox 1152 1893 1280 1924; x_wconf 81' lang='lat' dir='ltr'><strong>reditum</strong></span> <span class='ocrx_word' id='word_1_362' title='bbox 1305 1893 1348 1924; x_wconf 91' lang='lat' dir='ltr'><strong>Ul</strong></span> <span class='ocrx_word' id='word_1_363' title='bbox 1366 1893 1431 1931; x_wconf 70' lang='lat' dir='ltr'><strong>sais,</strong></span> <span class='ocrx_word' id='word_1_364' title='bbox 1447 1893 1484 1925; x_wconf 91' lang='lat' dir='ltr'><strong>de</strong></span> <span class='ocrx_word' id='word_1_365' title='bbox 1508 1905 1569 1935; x_wconf 91' lang='lat' dir='ltr'><strong>quo</strong></span> <span class='ocrx_word' id='word_1_366' title='bbox 1590 1893 1712 1926; x_wconf 81' lang='lat' dir='ltr'><strong>Procius</strong></span> <span class='ocrx_word' id='word_1_367' title='bbox 1733 1895 1766 1926; x_wconf 89' lang='lat' dir='ltr'><strong>in</strong></span> 
     </span>
     <span class='ocr_line' id='line_1_67' title="bbox 1013 1934 1768 1980; baseline 0.005 -14"><span class='ocrx_word' id='word_1_368' title='bbox 1013 1934 1180 1968; x_wconf 81' lang='lat' dir='ltr'><strong>Chrestom.</strong></span> <span class='ocrx_word' id='word_1_369' title='bbox 1193 1947 1225 1978; x_wconf 88' lang='lat' dir='ltr'><strong>p.</strong></span> <span class='ocrx_word' id='word_1_370' title='bbox 1241 1941 1270 1967; x_wconf 87' lang='lat'><strong>6.</strong></span> <span class='ocrx_word' id='word_1_371' title='bbox 1290 1937 1339 1978; x_wconf 87' lang='lat' dir='ltr'><strong>[ad</strong></span> <span class='ocrx_word' id='word_1_372' title='bbox 1361 1960 1368 1968; x_wconf 91' lang='lat'><strong>.</strong></span> <span class='ocrx_word' id='word_1_373' title='bbox 1381 1935 1501 1968; x_wconf 79' lang='lat' dir='ltr'><strong>Schotti</strong></span> <span class='ocrx_word' id='word_1_374' title='bbox 1515 1936 1605 1969; x_wconf 87' lang='lat' dir='ltr'><strong>Obss.</strong></span> <span class='ocrx_word' id='word_1_375' title='bbox 1620 1936 1717 1980; x_wconf 73' lang='lat' dir='ltr'><strong>Hum.</strong></span> <span class='ocrx_word' id='word_1_376' title='bbox 1734 1945 1768 1970; x_wconf 84' lang='lat'><strong>2.</strong></span> 
     </span>
     <span class='ocr_line' id='line_1_68' title="bbox 1016 1977 1768 2023; baseline 0.004 -13"><span class='ocrx_word' id='word_1_377' title='bbox 1016 1979 1057 2020; x_wconf 89' lang='grc'><strong>1.]</strong></span> <span class='ocrx_word' id='word_1_378' title='bbox 1105 1977 1188 2010; x_wconf 87' lang='lat' dir='ltr'><strong>Hinc</strong></span> <span class='ocrx_word' id='word_1_379' title='bbox 1215 1979 1332 2022; x_wconf 81' lang='lat' dir='ltr'><strong>Cyclici</strong></span> <span class='ocrx_word' id='word_1_380' title='bbox 1357 1986 1466 2022; x_wconf 76' lang='lat' dir='ltr'><strong>poetae,</strong></span> <span class='ocrx_word' id='word_1_381' title='bbox 1489 1980 1655 2012; x_wconf 82' lang='lat' dir='ltr'><strong>conditores</strong></span> <span class='ocrx_word' id='word_1_382' title='bbox 1675 1979 1768 2023; x_wconf 73' lang='lat' dir='ltr'><strong>hujus</strong></span> 
     </span>
     <span class='ocr_line' id='line_1_69' title="bbox 1013 2021 1767 2067; baseline 0.004 -15"><span class='ocrx_word' id='word_1_383' title='bbox 1013 2021 1098 2064; x_wconf 87' lang='lat' dir='ltr'><strong>cycli,</strong></span> <span class='ocrx_word' id='word_1_384' title='bbox 1114 2030 1155 2060; x_wconf 87' lang='lat' dir='ltr'><strong>et,</strong></span> <span class='ocrx_word' id='word_1_385' title='bbox 1166 2023 1217 2064; x_wconf 91' lang='lat' dir='ltr'><strong>qui</strong></span> <span class='ocrx_word' id='word_1_386' title='bbox 1233 2022 1310 2054; x_wconf 81' lang='lat' dir='ltr'><strong>nihil</strong></span> <span class='ocrx_word' id='word_1_387' title='bbox 1324 2030 1432 2065; x_wconf 83' lang='lat' dir='ltr'><strong>praeter</strong></span> <span class='ocrx_word' id='word_1_388' title='bbox 1445 2022 1527 2054; x_wconf 82' lang='lat' dir='ltr'><strong>hunc</strong></span> <span class='ocrx_word' id='word_1_389' title='bbox 1588 2023 1668 2055; x_wconf 86' lang='lat' dir='ltr'><strong>clum</strong></span> <span class='ocrx_word' id='word_1_390' title='bbox 1683 2034 1767 2067; x_wconf 83' lang='lat' dir='ltr'><strong>sape-</strong></span> 
     </span>
     <span class='ocr_line' id='line_1_70' title="bbox 1012 2034 1764 2110; baseline 0.005 -15"><span class='ocrx_word' id='word_1_391' title='bbox 1012 2073 1090 2104; x_wconf 85' lang='lat' dir='ltr'><strong>rent,</strong></span> <span class='ocrx_word' id='word_1_392' title='bbox 1106 2065 1308 2108; x_wconf 66' lang='lat' dir='ltr'><strong>descriptoroe.</strong></span> <span class='ocrx_word' id='word_1_393' title='bbox 1341 2065 1419 2097; x_wconf 79' lang='lat' dir='ltr'><strong>Haec</strong></span> <span class='ocrx_word' id='word_1_394' title='bbox 1430 2034 1764 2110; x_wconf 54' lang='lat' dir='ltr'><strong>summaflyisputationis</strong></span> 
     </span>
     <span class='ocr_line' id='line_1_71' title="bbox 1014 2107 1619 2141; baseline 0.005 -2"><span class='ocrx_word' id='word_1_395' title='bbox 1014 2107 1228 2140; x_wconf 83' lang='lat' dir='ltr'><strong>Schwarzianae</strong></span> <span class='ocrx_word' id='word_1_396' title='bbox 1242 2108 1352 2141; x_wconf 79' lang='lat' dir='ltr'><strong>Altorf.</strong></span> <span class='ocrx_word' id='word_1_397' title='bbox 1373 2109 1416 2141; x_wconf 87' lang='lat' dir='ltr'><strong>G.</strong></span> <span class='ocrx_word' id='word_1_398' title='bbox 1614 2115 1619 2120; x_wconf 82' lang='grc'><strong>”</strong></span> 
     </span>
    </p>

    <p class='ocr_par' dir='ltr' id='par_1_32' title="bbox 1059 2152 1460 2192">
     <span class='ocr_line' id='line_1_72' title="bbox 1059 2152 1460 2192; baseline 0.002 -9"><span class='ocrx_word' id='word_1_399' title='bbox 1059 2158 1117 2183; x_wconf 79' lang='lat'><strong>133</strong></span> <span class='ocrx_word' id='word_1_400' title='bbox 1139 2152 1289 2192; x_wconf 72' lang='lat' dir='ltr'><strong>Curubis,-</strong></span> <span class='ocrx_word' id='word_1_401' title='bbox 1312 2153 1460 2184; x_wconf 79' lang='lat' dir='ltr'><strong>institues.</strong></span> 
     </span>
    </p>

    <p class='ocr_par' dir='ltr' id='par_1_33' title="bbox 1011 2194 1767 2494">
     <span class='ocr_line' id='line_1_73' title="bbox 1058 2194 1765 2238; baseline -0.001 -10"><span class='ocrx_word' id='word_1_402' title='bbox 1058 2201 1119 2228; x_wconf 81' lang='grc'><strong>134</strong></span> <span class='ocrx_word' id='word_1_403' title='bbox 1136 2195 1263 2227; x_wconf 73' lang='lat' dir='ltr'><strong>Desilies</strong></span> <span class='ocrx_word' id='word_1_404' title='bbox 1287 2197 1319 2227; x_wconf 81' lang='lat' dir='ltr'><strong>in</strong></span> <span class='ocrx_word' id='word_1_405' title='bbox 1343 2201 1479 2235; x_wconf 74' lang='lat' dir='ltr'><strong>arctum3</strong></span> <span class='ocrx_word' id='word_1_406' title='bbox 1501 2203 1535 2227; x_wconf 85' lang='lat' dir='ltr'><strong>ut</strong></span> <span class='ocrx_word' id='word_1_407' title='bbox 1550 2194 1691 2238; x_wconf 73' lang='lat' dir='ltr'><strong>AEsopioe</strong></span> <span class='ocrx_word' id='word_1_408' title='bbox 1715 2195 1765 2228; x_wconf 83' lang='lat' dir='ltr'><strong>illa</strong></span> 
     </span>
     <span class='ocr_line' id='line_1_74' title="bbox 1013 2237 1766 2282; baseline 0.003 -13"><span class='ocrx_word' id='word_1_409' title='bbox 1013 2238 1125 2281; x_wconf 84' lang='lat' dir='ltr'><strong>capella</strong></span> <span class='ocrx_word' id='word_1_410' title='bbox 1137 2249 1206 2280; x_wconf 79' lang='lat' dir='ltr'><strong>quae</strong></span> <span class='ocrx_word' id='word_1_411' title='bbox 1217 2246 1329 2270; x_wconf 87' lang='lat' dir='ltr'><strong>temere</strong></span> <span class='ocrx_word' id='word_1_412' title='bbox 1344 2239 1375 2270; x_wconf 91' lang='lat' dir='ltr'><strong>in</strong></span> <span class='ocrx_word' id='word_1_413' title='bbox 1390 2247 1516 2282; x_wconf 87' lang='lat' dir='ltr'><strong>puteum</strong></span> <span class='ocrx_word' id='word_1_414' title='bbox 1531 2238 1666 2277; x_wconf 74' lang='lat' dir='ltr'><strong>desiluit3</strong></span> <span class='ocrx_word' id='word_1_415' title='bbox 1689 2237 1722 2271; x_wconf 88' lang='lat' dir='ltr'><strong>h.</strong></span> <span class='ocrx_word' id='word_1_416' title='bbox 1737 2250 1766 2271; x_wconf 83' lang='lat' dir='ltr'><strong>e.</strong></span> 
     </span>
     <span class='ocr_line' id='line_1_75' title="bbox 1013 2281 1767 2326; baseline 0.001 -14"><span class='ocrx_word' id='word_1_417' title='bbox 1013 2292 1051 2312; x_wconf 85' lang='lat' dir='ltr'><strong>ne</strong></span> <span class='ocrx_word' id='word_1_418' title='bbox 1066 2282 1154 2312; x_wconf 89' lang='lat' dir='ltr'><strong>nimis</strong></span> <span class='ocrx_word' id='word_1_419' title='bbox 1168 2281 1272 2313; x_wconf 88' lang='lat' dir='ltr'><strong>duram</strong></span> <span class='ocrx_word' id='word_1_420' title='bbox 1294 2282 1394 2325; x_wconf 85' lang='lat' dir='ltr'><strong>legem</strong></span> <span class='ocrx_word' id='word_1_421' title='bbox 1408 2282 1464 2313; x_wconf 88' lang='lat' dir='ltr'><strong>tibi</strong></span> <span class='ocrx_word' id='word_1_422' title='bbox 1479 2283 1625 2325; x_wconf 80' lang='lat' dir='ltr'><strong>imponas,</strong></span> <span class='ocrx_word' id='word_1_423' title='bbox 1649 2281 1767 2326; x_wconf 71' lang='lat' dir='ltr'><strong>singula</strong></span> 
     </span>
     <span class='ocr_line' id='line_1_76' title="bbox 1011 2324 1766 2368; baseline 0.003 -13"><span class='ocrx_word' id='word_1_424' title='bbox 1011 2324 1126 2368; x_wconf 74' lang='lat' dir='ltr'><strong>scilicet</strong></span> <span class='ocrx_word' id='word_1_425' title='bbox 1146 2325 1301 2357; x_wconf 74' lang='lat' dir='ltr'><strong>imitandi:</strong></span> <span class='ocrx_word' id='word_1_426' title='bbox 1324 2336 1395 2357; x_wconf 82' lang='lat' dir='ltr'><strong>nam</strong></span> <span class='ocrx_word' id='word_1_427' title='bbox 1417 2325 1512 2357; x_wconf 82' lang='lat' dir='ltr'><strong>multa</strong></span> <span class='ocrx_word' id='word_1_428' title='bbox 1533 2325 1674 2357; x_wconf 76' lang='lat' dir='ltr'><strong>imitatori</strong></span> <span class='ocrx_word' id='word_1_429' title='bbox 1695 2332 1766 2358; x_wconf 81' lang='lat' dir='ltr'><strong>sunt</strong></span> 
     </span>
     <span class='ocr_line' id='line_1_77' title="bbox 1014 2368 1766 2455; baseline 0.001 -13"><span class='ocrx_word' id='word_1_430' title='bbox 1014 2368 1373 2454; x_wconf 46' lang='lat' dir='ltr'><strong>Praiffgeiiil&#39;ggproferre,</strong></span> <span class='ocrx_word' id='word_1_431' title='bbox 1384 2419 1526 2455; x_wconf 74' lang='lat' dir='ltr'><strong>tanquam</strong></span> <span class='ocrx_word' id='word_1_432' title='bbox 1539 2410 1576 2443; x_wconf 85' lang='lat' dir='ltr'><strong>de</strong></span> <span class='ocrx_word' id='word_1_433' title='bbox 1591 2421 1676 2454; x_wconf 76' lang='lat' dir='ltr'><strong>capra</strong></span> <span class='ocrx_word' id='word_1_434' title='bbox 1689 2409 1766 2443; x_wconf 79' lang='lat' dir='ltr'><strong>frus-</strong></span> 
     </span>
     <span class='ocr_line' id='line_1_78' title="bbox 1013 2461 1667 2494; baseline 0.003 -9"><span class='ocrx_word' id='word_1_435' title='bbox 1013 2461 1058 2485; x_wconf 77' lang='lat' dir='ltr'><strong>tra</strong></span> <span class='ocrx_word' id='word_1_436' title='bbox 1072 2465 1226 2486; x_wconf 82' lang='lat' dir='ltr'><strong>ascensum</strong></span> <span class='ocrx_word' id='word_1_437' title='bbox 1237 2462 1381 2486; x_wconf 74' lang='lat' dir='ltr'><strong>tentante.</strong></span> <span class='ocrx_word' id='word_1_438' title='bbox 1548 2463 1551 2465; x_wconf 80' lang='grc'><em>“</em></span> <span class='ocrx_word' id='word_1_439' title='bbox 1665 2490 1667 2494; x_wconf 56' lang='grc'><em>,</em></span> 
     </span>
    </p>

    <p class='ocr_par' dir='ltr' id='par_1_34' title="bbox 1014 2497 1767 2584">
     <span class='ocr_line' id='line_1_79' title="bbox 1057 2497 1767 2541; baseline -0.001 -12"><span class='ocrx_word' id='word_1_440' title='bbox 1057 2498 1156 2529; x_wconf 79' lang='lat' dir='ltr'><strong>Pudor</strong></span> <span class='ocrx_word' id='word_1_441' title='bbox 1164 2511 1178 2538; x_wconf 87' lang='lat'><strong>,·</strong></span> <span class='ocrx_word' id='word_1_442' title='bbox 1199 2498 1325 2541; x_wconf 88' lang='lat' dir='ltr'><strong>pudebit</strong></span> <span class='ocrx_word' id='word_1_443' title='bbox 1345 2499 1426 2529; x_wconf 88' lang='lat' dir='ltr'><strong>enim</strong></span> <span class='ocrx_word' id='word_1_444' title='bbox 1439 2497 1606 2540; x_wconf 83' lang='lat' dir='ltr'><strong>relinquere</strong></span> <span class='ocrx_word' id='word_1_445' title='bbox 1619 2497 1700 2540; x_wconf 85' lang='lat' dir='ltr'><strong>quod</strong></span> <span class='ocrx_word' id='word_1_446' title='bbox 1720 2507 1767 2528; x_wconf 77' lang='lat' dir='ltr'><strong>se-</strong></span> 
     </span>
     <span class='ocr_line' id='line_1_80' title="bbox 1014 2541 1226 2584; baseline 0 -12"><span class='ocrx_word' id='word_1_447' title='bbox 1014 2541 1075 2572; x_wconf 88' lang='lat' dir='ltr'><strong>mel</strong></span> <span class='ocrx_word' id='word_1_448' title='bbox 1091 2541 1226 2584; x_wconf 87' lang='lat' dir='ltr'><strong>coeperis.</strong></span> 
     </span>
    </p>

    <p class='ocr_par' dir='ltr' id='par_1_35' title="bbox 1013 2581 1766 2713">
     <span class='ocr_line' id='line_1_81' title="bbox 1059 2581 1766 2628; baseline -0.006 -12"><span class='ocrx_word' id='word_1_449' title='bbox 1059 2584 1165 2628; x_wconf 73' lang='lat' dir='ltr'><strong>Operis</strong></span> <span class='ocrx_word' id='word_1_450' title='bbox 1190 2587 1261 2624; x_wconf 75' lang='lat' dir='ltr'><strong>leoe3</strong></span> <span class='ocrx_word' id='word_1_451' title='bbox 1281 2583 1348 2616; x_wconf 76' lang='lat' dir='ltr'><strong>haee</strong></span> <span class='ocrx_word' id='word_1_452' title='bbox 1375 2585 1456 2616; x_wconf 87' lang='lat' dir='ltr'><strong>enim</strong></span> <span class='ocrx_word' id='word_1_453' title='bbox 1486 2585 1580 2627; x_wconf 85' lang='lat' dir='ltr'><strong>exigit</strong></span> <span class='ocrx_word' id='word_1_454' title='bbox 1605 2590 1640 2614; x_wconf 83' lang='lat' dir='ltr'><strong>ut</strong></span> <span class='ocrx_word' id='word_1_455' title='bbox 1660 2581 1766 2613; x_wconf 83' lang='lat' dir='ltr'><strong>ultima</strong></span> 
     </span>
     <span class='ocr_line' id='line_1_82' title="bbox 1013 2625 1765 2679; baseline -0.004 -20"><span class='ocrx_word' id='word_1_456' title='bbox 1013 2629 1191 2679; x_wconf 74' lang='lat' dir='ltr'><strong>conveniant</strong></span> <span class='ocrx_word' id='word_1_457' title='bbox 1204 2628 1319 2671; x_wconf 86' lang='lat' dir='ltr'><strong>primis,</strong></span> <span class='ocrx_word' id='word_1_458' title='bbox 1333 2635 1423 2670; x_wconf 82' lang='lat' dir='ltr'><strong>atque</strong></span> <span class='ocrx_word' id='word_1_459' title='bbox 1435 2634 1471 2659; x_wconf 87' lang='lat' dir='ltr'><strong>ut</strong></span> <span class='ocrx_word' id='word_1_460' title='bbox 1483 2634 1582 2659; x_wconf 85' lang='lat' dir='ltr'><strong>totum</strong></span> <span class='ocrx_word' id='word_1_461' title='bbox 1592 2625 1698 2657; x_wconf 84' lang='lat' dir='ltr'><strong>eodem</strong></span> <span class='ocrx_word' id='word_1_462' title='bbox 1712 2625 1765 2656; x_wconf 85' lang='lat' dir='ltr'><strong>filo</strong></span> 
     </span>
     <span class='ocr_line' id='line_1_83' title="bbox 1013 2682 1755 2713; baseline 0.003 -11"><span class='ocrx_word' id='word_1_463' title='bbox 1013 2682 1190 2713; x_wconf 83' lang='lat' dir='ltr'><strong>exsequans.</strong></span> <span class='ocrx_word' id='word_1_464' title='bbox 1753 2707 1755 2709; x_wconf 60' lang='grc'><em>,</em></span> 
     </span>
    </p>

    <p class='ocr_par' dir='ltr' id='par_1_36' title="bbox 1016 2710 1766 2800">
     <span class='ocr_line' id='line_1_84' title="bbox 1062 2710 1766 2757; baseline -0.006 -11"><span class='ocrx_word' id='word_1_465' title='bbox 1062 2719 1122 2746; x_wconf 79' lang='grc'><strong>136</strong></span> <span class='ocrx_word' id='word_1_466' title='bbox 1147 2713 1369 2746; x_wconf 88' lang='lat' dir='ltr'><strong>Duodecimum</strong></span> <span class='ocrx_word' id='word_1_467' title='bbox 1380 2720 1562 2757; x_wconf 76' lang='lat' dir='ltr'><strong>praeceptum</strong></span> <span class='ocrx_word' id='word_1_468' title='bbox 1576 2718 1634 2751; x_wconf 87' lang='lat' dir='ltr'><strong>est,</strong></span> <span class='ocrx_word' id='word_1_469' title='bbox 1643 2710 1696 2743; x_wconf 89' lang='lat' dir='ltr'><strong>De</strong></span> <span class='ocrx_word' id='word_1_470' title='bbox 1711 2722 1766 2754; x_wconf 89' lang='lat' dir='ltr'><strong>po-</strong></span> 
     </span>
     <span class='ocr_line' id='line_1_85' title="bbox 1016 2756 1290 2800; baseline -0.004 -11"><span class='ocrx_word' id='word_1_471' title='bbox 1016 2757 1115 2789; x_wconf 88' lang='lat' dir='ltr'><strong>nendo</strong></span> <span class='ocrx_word' id='word_1_472' title='bbox 1128 2756 1290 2800; x_wconf 87' lang='lat' dir='ltr'><strong>Principio.</strong></span> 
     </span>
    </p>

    <p class='ocr_par' dir='ltr' id='par_1_37' title="bbox 1016 2796 1767 3049">
     <span class='ocr_line' id='line_1_86' title="bbox 1064 2796 1765 2843; baseline -0.006 -10"><span class='ocrx_word' id='word_1_473' title='bbox 1064 2801 1205 2843; x_wconf 85' lang='lat' dir='ltr'><strong>Cyclicus</strong></span> <span class='ocrx_word' id='word_1_474' title='bbox 1232 2808 1278 2832; x_wconf 86' lang='lat' dir='ltr'><strong>est</strong></span> <span class='ocrx_word' id='word_1_475' title='bbox 1304 2801 1357 2842; x_wconf 84' lang='lat' dir='ltr'><strong>qui</strong></span> <span class='ocrx_word' id='word_1_476' title='bbox 1385 2798 1511 2841; x_wconf 82' lang='lat' dir='ltr'><strong>cyclum</strong></span> <span class='ocrx_word' id='word_1_477' title='bbox 1540 2796 1683 2840; x_wconf 88' lang='lat' dir='ltr'><strong>Epicum,</strong></span> <span class='ocrx_word' id='word_1_478' title='bbox 1713 2809 1765 2830; x_wconf 90' lang='lat' dir='ltr'><strong>seu</strong></span> 
     </span>
     <span class='ocr_line' id='line_1_87' title="bbox 1017 2841 1767 2883; baseline -0.003 -8"><span class='ocrx_word' id='word_1_479' title='bbox 1017 2843 1146 2875; x_wconf 87' lang='lat' dir='ltr'><strong>Cursum</strong></span> <span class='ocrx_word' id='word_1_480' title='bbox 1167 2843 1335 2881; x_wconf 86' lang='lat' dir='ltr'><strong>Poeticum,</strong></span> <span class='ocrx_word' id='word_1_481' title='bbox 1357 2841 1529 2883; x_wconf 86' lang='lat' dir='ltr'><strong>simpliciter</strong></span> <span class='ocrx_word' id='word_1_482' title='bbox 1551 2848 1583 2871; x_wconf 87' lang='lat' dir='ltr'><strong>et</strong></span> <span class='ocrx_word' id='word_1_483' title='bbox 1603 2841 1684 2872; x_wconf 84' lang='lat' dir='ltr'><strong>nulla</strong></span> <span class='ocrx_word' id='word_1_484' title='bbox 1703 2849 1767 2873; x_wconf 83' lang='lat' dir='ltr'><strong>arte</strong></span> 
     </span>
     <span class='ocr_line' id='line_1_88' title="bbox 1017 2883 1767 2929; baseline -0.003 -11"><span class='ocrx_word' id='word_1_485' title='bbox 1017 2889 1197 2929; x_wconf 82' lang='lat' dir='ltr'><strong>exsequitur,</strong></span> <span class='ocrx_word' id='word_1_486' title='bbox 1203 2894 1238 2918; x_wconf 87' lang='lat' dir='ltr'><strong>ut</strong></span> <span class='ocrx_word' id='word_1_487' title='bbox 1248 2884 1507 2928; x_wconf 73' lang='lat' dir='ltr'><strong>magisFabulator</strong></span> <span class='ocrx_word' id='word_1_488' title='bbox 1514 2885 1552 2914; x_wconf 85' lang='lat' dir='ltr'><strong>sit</strong></span> <span class='ocrx_word' id='word_1_489' title='bbox 1563 2889 1652 2926; x_wconf 83' lang='lat' dir='ltr'><strong>quam</strong></span> <span class='ocrx_word' id='word_1_490' title='bbox 1662 2883 1767 2916; x_wconf 77' lang='lat' dir='ltr'><strong>Poeta.</strong></span> 
     </span>
     <span class='ocr_line' id='line_1_89' title="bbox 1017 2927 1767 2970; baseline -0.005 -8"><span class='ocrx_word' id='word_1_491' title='bbox 1017 2929 1174 2962; x_wconf 82' lang='lat' dir='ltr'><strong>Bentleius</strong></span> <span class='ocrx_word' id='word_1_492' title='bbox 1193 2930 1277 2960; x_wconf 84' lang='lat' dir='ltr'><strong>tenui</strong></span> <span class='ocrx_word' id='word_1_493' title='bbox 1301 2928 1337 2960; x_wconf 85' lang='lat' dir='ltr'><strong>de</strong></span> <span class='ocrx_word' id='word_1_494' title='bbox 1360 2938 1448 2959; x_wconf 71' lang='lat' dir='ltr'><strong>causa</strong></span> <span class='ocrx_word' id='word_1_495' title='bbox 1473 2928 1605 2970; x_wconf 85' lang='lat' dir='ltr'><strong>reposuit</strong></span> <span class='ocrx_word' id='word_1_496' title='bbox 1630 2927 1767 2970; x_wconf 79' lang='lat' dir='ltr'><strong>Cyclius.</strong></span> 
     </span>
     <span class='ocr_line' id='line_1_90' title="bbox 1017 2969 1767 3013; baseline -0.003 -9"><span class='ocrx_word' id='word_1_497' title='bbox 1017 2973 1092 3004; x_wconf 87' lang='lat' dir='ltr'><strong>Odit</strong></span> <span class='ocrx_word' id='word_1_498' title='bbox 1115 2973 1165 3004; x_wconf 87' lang='lat' dir='ltr'><strong>ille</strong></span> <span class='ocrx_word' id='word_1_499' title='bbox 1179 2972 1333 3013; x_wconf 72' lang='lat' dir='ltr'><strong>Adiectiva</strong></span> <span class='ocrx_word' id='word_1_500' title='bbox 1345 2970 1452 3003; x_wconf 77' lang='lat' dir='ltr'><strong>Graeca</strong></span> <span class='ocrx_word' id='word_1_501' title='bbox 1472 2971 1504 3003; x_wconf 85' lang='lat' dir='ltr'><strong>in</strong></span> <span class='ocrx_word' id='word_1_502' title='bbox 1529 2983 1579 3008; x_wconf 80' lang='grc' dir='ltr'><strong><em>ιιος</em></strong></span> <span class='ocrx_word' id='word_1_503' title='bbox 1591 2971 1684 3004; x_wconf 72' lang='lat' dir='ltr'><strong>finita.</strong></span> <span class='ocrx_word' id='word_1_504' title='bbox 1726 2969 1767 3003; x_wconf 87' lang='grc' dir='ltr'><strong>Β.</strong></span> 
     </span>
     <span class='ocr_line' id='line_1_91' title="bbox 1016 3014 1265 3049; baseline -0.004 -2"><span class='ocrx_word' id='word_1_505' title='bbox 1016 3014 1087 3048; x_wconf 84' lang='lat' dir='ltr'><strong>Vid.</strong></span> <span class='ocrx_word' id='word_1_506' title='bbox 1102 3016 1138 3047; x_wconf 77' lang='lat' dir='ltr'><strong>ad</strong></span> <span class='ocrx_word' id='word_1_507' title='bbox 1149 3026 1176 3049; x_wconf 83' lang='lat' dir='ltr'><strong>v.</strong></span> <span class='ocrx_word' id='word_1_508' title='bbox 1194 3021 1265 3047; x_wconf 61' lang='grc' dir='ltr'><strong>ιω.</strong></span> 
     </span>
    </p>
   </div>
  </div>
 </body>
</html>
