1924 3458
612 381 986 426 CARMINUM
1020 381 1137 426 L113.
1166 381 1220 425 H.
1259 388 1299 435 6.
1680 382 1735 423 85

360 501 556 543 Bal-baras
576 498 725 555 SyrteS,
743 498 815 540 ubi
832 498 981 541 Maura
998 512 1160 556 semper
1207 512 1210 514 ’

591 572 754 616 AEstuat
770 573 882 615 unda
894 590 907 627 3

250 654 276 690 5
359 648 494 691 Tibur
510 649 647 704 Argeo
665 647 844 704 positum
863 648 1010 690 colono

363 721 429 763 Sit
448 736 553 764 meae
572 722 685 764 sedes
703 722 863 764 utinam
883 728 1059 764 senectae
1074 739 1087 774 ;

365 795 430 837 Sit
448 797 593 838 modus
612 798 715 838 lasso
731 797 852 838 maris
872 804 914 838 et
932 796 1090 838 viarum

597 870 844 927 Militiaeque
861 886 872 914 2

366 944 491 987 Unde
510 945 544 987 si
562 945 702 988 Parcae
719 946 940 1003 prohibent
959 945 1129 1003 iniquae,

257 1026 311 1075 10
366 1018 505 1062 Dulce
523 1020 674 1077 pellitis
693 1021 834 1063 ovibus
853 1006 994 1063 Gaeilesi

367 1095 546 1138 Flumen
565 1102 607 1137 et
622 1102 789 1152 regnata
805 1102 946 1152 petam
965 1094 1127 1137 Laconi

599 1169 713 1212 Rura
730 1170 943 1212 Phalanto.

368 1244 446 1287 Ille
462 1252 661 1287 terrarum
682 1230 786 1285 mihi
805 1249 953 1300 praeter
969 1257 1113 1285 omnes

368 1320 556 1375 Angulus
575 1319 692 1372 ridet,
703 1318 788 1376 ‚ubi
806 1333 890 1360 non
905 1317 1110 1374 Hymetto

259 1398 310 1435 15
370 1393 503 1435 Mella
522 1393 740 1446 decedunt,
762 1392 962 1448 viridique
979 1398 1108 1433 certat

601 1467 740 1508 Bacca
758 1465 962 1508 Venafro:

370 1542 454 1583 Ver
470 1540 544 1582 ubi
560 1542 733 1596 longum
753 1540 991 1595 tepidasque
1009 1539 1167 1594 praebet

369 1615 398 1659 J
399 1615 562 1671 uppiter
579 1616 756 1667 brumaS,
781 1619 823 1655 et
841 1612 998 1654 amicus
1013 1612 1154 1653 Aulon

372 1689 515 1731 Fertili
534 1688 704 1731 Baccho
723 1687 947 1730 minimum
968 1684 1152 1728 Falernis

259 1771 316 1808 20
548 1762 711 1807 Invidet
728 1762 826 1805 uvis.

372 1838 450 1880 Ille
467 1844 509 1879 te
529 1851 697 1880 mecum
718 1838 832 1879 loeus
853 1843 895 1878 et
912 1837 1046 1878 beatae

371 1912 584 1955 Postulant
602 1926 739 1964 arces3
770 1911 829 1953 ibi
848 1918 895 1952 tu
914 1912 1119 1952 calentem

204 2068 243 2095 10
263 2061 376 2094 Galaesi
391 2061 459 2093 Ian.
547 2068 585 2093 12
608 2059 778 2092 Phalnntho
791 2062 856 2093 alii.
946 2067 983 2092 18
1008 2057 1302 2102 apricus—Fertilis
1326 2056 1402 2100 conj.
1428 2058 1526 2091 Benu.
1567 2056 1685 2091 Fertilis
1710 2063 1753 2091 est

210 2116 213 2120 ·
633 2105 667 2135 in
682 2105 726 2135 ed.
744 2104 834 2136 Glar.
921 2111 960 2136 21
986 2115 1035 2135 me
1045 2112 1147 2134 tecum
1162 2104 1227 2134 coll.
1242 2102 1319 2134 Sox-

244 2229 263 2255 3
287 2224 406 2255 Maura
418 2233 472 2266 per
486 2220 702 2265 synecdochen
716 2233 771 2266 pro
784 2222 937 2255 Africana.
1046 2228 1085 2253 18
1107 2221 1212 2254 Aulon
1223 2233 1310 2253 mons
1324 2227 1368 2253 est
1381 2221 1540 2254 calaza-12.
1561 2220 1632 2253 Vet.
1648 2220 1753 2252 Schol.

246 2273 264 2298 5
287 2266 387 2307 Argeo
393 2276 452 2309 pro
465 2266 591 2306 Argivo,
612 2266 734 2306 antique
748 2267 866 2297 dicitur.
887 2265 958 2297 Vet.
1001 2263 1040 2296 B.
1062 2264 1166 2296 Nemo
1179 2263 1428 2308 Geogmphomm
1451 2272 1586 2296 montem
1600 2265 1754 2296 Aulonem

204 2308 308 2341 Schol.
329 2308 499 2340 leumum
513 2308 586 2339 dicit
600 2307 733 2347 Argeum
748 2311 893 2340 colonum.
999 2308 1144 2338 nominat.
1174 2307 1302 2339 Videtur
1325 2308 1535 2350 appellativum
1555 2318 1665 2338 nomen
1688 2317 1754 2337 etse

246 2352 384 2384 Positum
392 2352 458 2393 jam
484 2361 539 2393 pro
557 2352 732 2389 excitntum,
752 2351 798 2382 vel
812 2359 957 2389 erectum,
1001 2350 1140 2381 convallis
1168 2352 1277 2392 apricae
1304 2350 1411 2383 αὐλών.
1462 2349 1561 2381 Unice
1589 2349 1651 2381 huc
1680 2349 1755 2382 facit

203 2395 331 2426 dicimus
345 2395 426 2426 enim
441 2403 551 2437 ponere
563 2403 675 2431 murm,
692 2403 802 2436 ponere
814 2399 959 2432 statuam,
1001 2392 1134 2424 Martini.
1153 2394 1208 2424 13.
1231 2401 1301 2425 125.
1326 2395 1375 2425 cui
1400 2393 1606 2435 praeseriptum
1629 2393 1754 2431 lemma,

204 2446 234 2469 et
245 2438 365 2469 similia.
1003 2436 1116 2467 Wnum
1130 2436 1337 2475 Tarmtinum,
1359 2436 1477 2467 Nobilis
1490 2440 1518 2467 et
1531 2436 1621 2474 lanis,
1640 2435 1755 2476 ets-eliz·

247 2486 264 2517 7
290 2482 405 2512 Modus
416 2490 497 2511 nunc
507 2488 564 2522 pro
569 2479 636 2520 fine
645 2479 733 2511 &iz-it.
754 2478 824 2511 Vet.
840 2478 943 2509 Schol.
1000 2479 1112 2510 vitibus
1125 2478 1228 2510 Aulon
1241 2480 1295 2510 dat
1305 2480 1437 2522 pretiosa
1459 2479 1513 2509 tila·
1533 2480 1657 2518 vellera,
1679 2480 1754 2512 vina

246 2530 268 2557 9
291 2525 409 2565 Im'quae
417 2524 483 2564 jam
493 2533 548 2564 pro
562 2522 629 2564 plus
643 2533 731 2563 aequo
741 2522 884 2553 crudeles.
1000 2522 1086 2553 mihi.
1106 2521 1147 2552 G.
1179 2522 1317 2560 Amicus,
1343 2529 1444 2565 gratus
1468 2521 1509 2552 ob
1534 2521 1647 2553 fenile·
1674 2533 1756 2554 uvas.

250 2573 291 2599 10
313 2567 484 2598 Tarentinae
497 2575 563 2596 oves
575 2566 704 2607 pellibus
719 2570 869 2607 tgzmtur.
885 2563 956 2596 Vet.
999 2564 1038 2596 Z.

204 2608 309 2641 Schol.
332 2608 384 2641 Sic
404 2616 437 2640 et
458 2619 550 2639 mnne
568 2608 711 2639 Graecum
727 2620 818 2651 pecus
833 2608 872 2638 ad
885 2618 958 2639 con·
1045 2614 1084 2641 19
1107 2607 1261 2639 Bacchum
1282 2607 1347 2648 jam
1367 2608 1463 2650 ipsam
1477 2608 1593 2639 vineam
1607 2608 1754 2640 nominat.

204 2652 358 2684 servandae
373 2652 465 2683 lanas.
478 2651 654 2683 Glareanus
668 2652 731 2694 ipse
746 2651 887 2683 ridiculus
900 2658 958 2690 est,
999 2650 1038 2682 Β.
1061 2652 1198 2682 Bacchus
1214 2650 1334 2691 fertilis
1352 2658 1386 2681 ut
1412 2651 1499 2683 Ceres
1514 2650 1676 2692 ffitgzsfera
1697 2658 1756 2689 eet,

203 2696 276 2727 dum
290 2695 433 2728 Veterem
447 2693 636 2726 Scholiasten
662 2695 750 2733 ridet,
772 2706 807 2726 ac
821 2695 847 2726 si
861 2694 962 2726 eredat
1003 2695 1023 2726 i.
1039 2705 1066 2725 e.
1082 2693 1195 2725 fertilis.
1223 2693 1310 2725 Dum
1335 2694 1505 2735 conjectura
1526 2693 1666 2725 emendat
1687 2692 1718 2725 h.
1734 2694 1757 2725 1.

207 2739 321 2781 nliquas
335 2749 404 2770 oven
419 2749 483 2769 esse
497 2738 609 2779 absque
622 2738 761 2780 pellibus.
1003 2736 1172 2775 Bembina,
1195 2737 1287 2768 veluti
1302 2745 1409 2768 castrat
1434 2744 1566 2780 poetam,
1587 2744 1619 2769 et
1642 2736 1756 2780 duplici

250 2788 288 2814 12
312 2782 380 2814 Quo
391 2786 494 2813 aratore
504 2787 532 2812 et
537 2781 675 2824 principe
685 2782 857 2812 Parthmt'ae
867 2781 962 2824 Spar·
1003 2781 1099 2823 figura
1111 2779 1197 2811 illum
1211 2781 1313 2822 privat.
1338 2779 1379 2811 G.

208 2825 273 2856 tam·
283 2825 446 2856 Tarentum
458 2825 659 2855 condiderunt.
681 2823 752 2855 Vet.
767 2823 872 2856 Schol.
1044 2831 1087 2855 20
1111 2824 1244 2855 Invidere
1257 2824 1372 2855 sibimet
1385 2821 1479 2855 solent
1490 2824 1622 2867 impares
1633 2824 1752 2855 virtute.

216 2888 219 2892 -
251 2873 292 2899 14
312 2868 412 2906 Ridet,
434 2869 523 2899 laetus
536 2871 588 2898 est.
609 2866 679 2898 Vet.
695 2866 798 2899 Schol.
1001 2865 1072 2898 Vet.
1086 2865 1190 2898 Schol.

252 2917 291 2942 15
315 2911 460 2942 Decedeoe
465 2911 587 2953 proprie
611 2912 674 2942 hom
688 2912 784 2942 cedere
794 2916 848 2949 ost,
871 2911 959 2941 hono-
1010 2933 1014 2935 -
1045 2917 1084 2941 21
1109 2910 1222 2941 Beatus
1235 2920 1328 2948 arces,
1354 2908 1533 2941 Turenum
1546 2909 1630 2948 dicit,
1644 2909 1686 2941 ob
1699 2919 1757 2941 no-

208 2953 251 2984 ris
271 2964 371 2985 ται-ςα-
406 2953 515 2984 Jacob.
535 2952 562 2984 C
616 2954 694 2984 uius.
730 2953 770 2986 B.
813 2953 878 2985 Ubi
900 2953 961 2984 mel
1002 2953 1149 2984 bilimtem
1165 2960 1195 2983 et
1205 2953 1330 2984 divitias.
1352 2951 1390 2984 B.
1642 2962 1644 2964 ·

210 3005 273 3026 nou
287 2996 473 3027 estdeterius
486 2964 758 3039 mellfflymeffiQ
781 2996 819 3029 Z.
1043 2996 1136 3027 Arces
1151 2996 1286 3039 intelligo
1308 2995 1375 3027 10oe
1396 2995 1511 3034 altien,
1531 2996 1612 3028 unde
1632 2996 1755 3041 despec-

253 3042 293 3069 16
317 3039 482 3080 Venafrum
495 3038 668 3082 Campaniae
681 3040 824 3083 oppidum
846 3039 960 3072 olivetis
1001 3046 1050 3071 tus
1064 3039 1096 3071 in
1109 3037 1254 3080 sulq'ectas
1266 3040 1362 3073 volte-s
1373 3050 1521 3073 amaus.
1539 3039 1582 3072 G.

208 3080 442 3114 celeberrimum.
463 3081 502 3114 Β.
526 3083 641 3122 Bacca,
661 3083 747 3116 oliva.
