1924 3458
223 296 308 335 572

670 292 725 340 Q·
760 291 1047 338 HORATII
1083 295 1325 341 FLACCI

395 406 491 450 Post
509 406 621 450 hunc
640 407 826 465 personae
845 412 1045 468 pallaeque
1066 413 1249 469 repertor
1262 413 1445 456 honestae

392 481 609 541 AEschylus
630 490 672 525 et
690 485 862 528 modicis
883 485 1065 528 instravit
1082 486 1240 543 pulpita
1259 487 1397 543 tignis,

249 558 337 599 280

395 555 455 599 Et
473 557 614 599 docuit
632 572 914 616 magnumque
934 560 1062 616 loqui,
1082 560 1239 617 nitique
1259 562 1473 607 cothurno.

395 630 600 677 Successit
619 640 732 675 vetus
752 633 814 675 his
835 633 1065 687 Comoedia,
1088 648 1172 677 non
1196 635 1283 677 sine
1304 637 1437 678 multa

393 704 538 748 Laude
554 723 567 759 ;
600 707 672 749 sed
691 707 735 749 in
755 707 900 749 vitium
917 708 1080 750 libextas
1101 709 1268 770 excidit,
1291 717 1333 751 et
1351 710 1435 752 vim

391 779 821 843 ‘’useel-egeres&
855 781 1199 839 laeestsssepts
1220 782 1447 840 chorusque

1254 826 1374 839 γῆμαι-...ψ’

391 854 588 911 Tyffliter„
601 854 789 915 obticuit2
802 853 1286 915 'subiatajuramcessi

247 933 332 972 285

391 928 466 970 Nil
487 928 733 971 intentatum
754 928 880 970 nostri
900 928 1054 985 liquere
1072 928 1244 971 Poetae:

389 1002 482 1045 Nec
501 1003 724 1044 minimum
744 1017 929 1044 meruere
949 1003 1086 1055 decus,
1109 1003 1279 1059 vestigia
1299 1003 1447 1046 Graeca

387 1077 489 1119 Ausi
510 1077 705 1130 deserere,
730 1084 771 1118 et
791 1078 996 1119 celebrare
1017 1077 1241 1120 domestica
1259 1079 1368 1120 facta
1379 1093 1392 1130 3

387 1152 465 1194 Vel
486 1151 557 1208 qui
575 1158 804 1207 praetextaS,
823 1152 889 1193 vel
909 1151 981 1208 qui
1002 1152 1176 1194 docuere
1196 1159 1365 1209 togatas.

387 1227 480 1268 Nee
499 1226 646 1267 virtute
665 1226 770 1268 foret
789 1225 956 1268 clarisve
975 1225 1181 1282 potentius
1201 1227 1339 1279 armis,

243 1309 330 1347 290

389 1300 528 1347 Quam
549 1300 704 1356 lingua,
724 1299 908 1357 Latium,
928 1300 961 1342 si
982 1315 1067 1343 non
1085 1300 1313 1343 offenderet
1332 1317 1485 1344 unum-

386 1376 607 1431 Quemque
626 1374 848 1417 Poetarum
870 1374 983 1417 limae
1000 1376 1114 1417 labor
1132 1384 1174 1418 et
1193 1391 1318 1419 mora.
1379 1377 1476 1430 Vos,
1489 1378 1530 1419 Ο

385 1449 612 1505 Pompilius
630 1449 806 1506 sanguis,
827 1464 994 1491 carmen
1009 1451 1530 1518 ffiffiqll‘ffldiss‘ifflffilffiss

798 1515 803 1525 ι

385 1523 526 1566 Multa
545 1523 630 1566 dies
649 1531 689 1565 et
709 1525 797 1565 mul
855 1523 976 1576 litura
996 1525 1197 1582 coercuit,
1213 1533 1337 1583 atque

383 1581 634 1641 Praesecturn
655 1598 789 1640 decies
810 1612 894 1640 non
911 1598 1122 1655 castigavit
1141 1600 1193 1641 ad
1211 1614 1408 1656 unguem.

885 1569 993 1582 *Muniam

211 1748 328 1792 Libyae,
342 1748 398 1778 iter
407 1747 534 1779 faciebat
547 1746 682 1790 pedibus.
726 1746 804 1778 Illud
820 1747 882 1779 Qui
893 1757 964 1790 ergo

212 1803 274 1824 non
284 1793 368 1833 juvat
381 1791 571 1829 sementiam,
585 1790 637 1821 sed
651 1791 822 1832 corrumpit.
844 1790 885 1821 G.

255 1835 396 1867 Perzmcti
411 1833 565 1875 faecihun
587 1834 708 1865 Acwres
720 1833 804 1874 saece
829 1834 893 1864 vini
905 1833 964 1873 fa—

211 1878 286 1910 ciem
333 1879 520 1918 erungebant,
543 1877 625 1908 vasis
635 1877 711 1916 face
733 1882 817 1908 tenus
830 1877 964 1919 epotam.

213 1919 284 1952 Vet.
325 1919 403 1951 chol.
429 1919 521 1961 Cruq.
563 1920 706 1959 Agricola
727 1924 755 1950 et
783 1920 875 1950 minio
898 1919 964 1960 sigf-

202 1963 311 2005 fitsus,
329 1964 454 2001 Bacche,
472 1964 622 1994 rubenlioe.
666 1963 789 1994 Primus
811 1963 823 1993 i
900 1967 963 1993 erta

210 2008 299 2039 daz-it
312 2008 350 2038 ab
370 2011 435 2038 arte
459 2007 568 2037 choros.
610 2004 759 2036 Tibullus,
781 2005 819 2036 B.
911 2017 962 2036 cus

211 2057 257 2080 est
273 2057 303 2081 2.
321 2057 349 2082 1.
368 2056 439 2081 155.
463 2049 514 2079 ubi
540 2047 599 2079 hoc
625 2048 656 2079 in
678 2047 823 2079 honorem
847 2047 962 2079 Bacchi

210 2092 322 2124 factum
347 2092 476 2125 ostendit
501 2090 735 2122 Brouckhusius.
782 2090 891 2122 Omnis
917 2102 962 2122 ars

209 2136 327 2167 scenica
340 2136 372 2166 in
386 2135 479 2166 tutela
494 2133 618 2173 Bacchi,
633 2142 667 2165 ut
681 2135 727 2165 vel
740 2134 833 2165 Ranae
846 2134 961 2166 Aristo-

209 2177 319 2221 phanis
329 2178 448 2209 docent.
469 2177 511 2208 G.

254 2227 316 2258 278
345 2222 485 2253 Personae
514 2222 666 2263 pallaeque
700 2221 829 2252 honestae
839 2233 853 2259 ,-
890 2221 963 2252 Per-

210 2275 284 2296 sona
311 2265 410 2307 pictus
436 2270 497 2294 erat
521 2263 633 2301 vultus;
657 2275 711 2294 seu
732 2265 832 2306 potius
853 2274 961 2306 capurq

203 2309 324 2351 pallum
349 2314 450 2338 autem
475 2317 570 2349 synna
597 2307 670 2338 dicit
692 2306 862 2350 Tragicum.
905 2307 962 2339 Est

209 2351 299 2382 etiam
315 2352 443 2382 honestae
453 2349 634 2381 Antitheton
648 2350 712 2391 ejus
726 2350 807 2392 quod
821 2357 892 2381 ante
907 2361 961 2392 po-

207 2402 317 2431 suerat,
328 2394 467 2437 peruncti
472 2393 604 2434 faec'ihus
618 2404 681 2425 ora.

251 2443 314 2473 279
337 2437 467 2468 Medicis
480 2437 597 2477 tignis;
617 2435 650 2467 b.
663 2447 689 2468 e.
712 2437 813 2479 paucis
838 2436 958 2468 tabulis.

207 2478 247 2511 B.
292 2481 420 2511 Modicis
434 2481 524 2521 tignis
545 2478 672 2510 Dativus
696 2488 751 2511 est.
794 2479 854 2511 His
868 2480 959 2522 tignis

207 2522 394 2554 mediocriter
415 2523 543 2566 magnis»,
564 2523 671 2564 partim
695 2523 825 2560 arrectis,
850 2524 958 2565 partim

206 2566 384 2604 nansversrs,
409 2566 548 2598 instravit
573 2567 705 2609 pulpita,
736 2566 861 2605 tabulas,
889 2577 958 2607 quae

207 2619 262 2650 pro
275 2609 338 2640 solo
352 2618 451 2639 essent
464 2609 621 2640 actoribus.
644 2608 713 2640 Vid.
727 2621 756 2639 v.
765 2616 840 2640 215.
862 2609 903 2640 G.

252 2659 313 2683 282
337 2653 472 2690 Excidit,
487 2654 574 2694 lapsa
588 2657 640 2683 est.
663 2651 733 2684 Vet.
746 2650 849 2683 Schol.
863 2651 957 2694 Cruq.

249 2701 311 2726 283
335 2696 422 2735 Regi,
435 2694 559 2726 fraenari.

250 2738 315 2768 Lex
330 2743 371 2769 est
384 2743 503 2781 accepta
513 2750 526 2777 ;
549 2745 579 2769 et
605 2749 658 2780 per
671 2737 730 2769 boc
745 2748 807 2769 non
829 2738 956 2780 amplius

206 2780 345 2820 suijuris
370 2788 450 2812 erat:
484 2781 635 2823 acciplunt
663 2781 745 2812 enim
777 2780 876 2824 Leges
901 2782 953 2823 qui

205 2822 304 2853 alieno
314 2823 433 2855 arbitrio
446 2832 599 2866 reguntur.

252 2865 446 2907 Chorusque5
470 2867 555 2898 Greoe
576 2868 723 2899 Actorum
747 2873 775 2899 et
803 2868 955 2900 Comoerlo-

205 2918 275 2939 rum
289 2909 387 2939 Liberi
403 2910 512 2941 Patris.
535 2909 605 2942 Vet.
622 2910 726 2942 Schol.
738 2911 830 2953 Cruq.
872 2911 954 2942 Nam

203 2961 279 2981 nova
300 2950 454 2985 Comoedia
478 2954 579 2984 amisit
607 2953 732 2991 Choros,
755 2962 790 2984 ut
813 2955 854 2984 ait
869 2954 955 2985 Alter

204 2991 308 3025 Schol.
351 2993 428 3026 Haec
455 2995 609 3027 Comoedia
633 3004 698 3028 orta
722 3005 779 3036 est,
805 3005 954 3029 crescente

995 1571 1123 1583 mutu-»ww«-

999 1745 1210 1779 *Macedonum
1239 1747 1382 1791 Imperio,
1412 1749 1602 1791 extinctaque
1625 1750 1758 1783 libertate

1005 1790 1144 1821 Graeciae.
1209 1790 1291 1823 Nam
1320 1803 1381 1822 non
1408 1792 1566 1823 liberorum
1599 1792 1756 1826 hominum

1006 1844 1103 1874 neque
1114 1834 1221 1865 liberas
1234 1845 1253 1864 o
1293 1836 1364 1865 rtuit
1377 1846 1440 1866 esse
1457 1835 1580 1877 linguas.
1603 1835 1640 1867 B.
1678 1836 1756 1869 Cum

1005 1874 1107 1907 Latini
1118 1876 1234 1908 Comici
1248 1845 1370 1909 ffiutus
1384 1887 1415 1909 et
1432 1877 1602 1917 Terentius,
1624 1878 1758 1911 Menan-

1005 1919 1103 1957 drum,
1128 1919 1300 1961 Diphilum,
1324 1919 1512 1958 Philemona,
1536 1929 1566 1952 et
1587 1922 1660 1952 alios
1673 1933 1757 1954 novae

1005 1962 1160 1993 comoediae
1174 1964 1328 2005 scriptores
1351 1964 1546 2001 imitarentur,
1568 1963 1674 1996 choros
1696 1976 1757 1997 non

1004 2003 1118 2036 habent
1143 2005 1261 2037 illorum
1286 2006 1407 2045 fabulae,
1433 2007 1492 2037 vid.
1514 2006 1657 2039 Diomed.
1679 2015 1710 2040 3.
1722 2019 1757 2052 p.

1004 2052 1079 2079 486.
1121 2048 1329 2091 Aristophanis
1353 2048 1476 2081 Fabulae
1501 2050 1627 2081 nimium
1641 2051 1757 2083 Graeeis

1005 2091 1167 2122 rationibus
1181 2100 1212 2122 et
1234 2093 1365 2124 moribus
1393 2093 1531 2135 implexae
1554 2101 1650 2133 erant,
1664 2106 1755 2137 quam

1004 2142 1039 2165 ut
1052 2134 1088 2165 iis
1103 2135 1148 2165 uti
1163 2134 1272 2166 vellent
1287 2135 1427 2168 Romani.
1450 2136 1491 2167 G.

1046 2182 1109 2209 286
1135 2179 1263 2219 Vestigio
1274 2191 1289 2218 ;
1311 2179 1497 2222 exemplaria.

1042 2226 1107 2257 287
1124 2221 1202 2252 Ausi
1210 2235 1223 2260 ,·
1245 2223 1335 2253 etlam
1351 2222 1385 2253 hi
1398 2223 1451 2264 qui
1463 2224 1527 2254 ausi
1539 2231 1625 2255 sunt:
1655 2235 1752 2266 neque

1006 2264 1086 2295 enim
1101 2264 1197 2295 solum
1208 2263 1341 2297 Palliatae
1351 2265 1516 2298 Comoediae
1530 2266 1677 2298 Auctores
1690 2278 1754 2298 me·

1004 2317 1089 2338 ruere
1102 2307 1231 2339 laudem.

1047 2357 1109 2382 288
1133 2351 1349 2382 Praetextatam
1371 2353 1493 2393 quidam
1518 2354 1620 2385 dicunt
1634 2354 1754 2394 Tragoe-

1003 2394 1098 2431 diam,
1129 2393 1314 2426 Comoediam
1348 2400 1449 2426 autem
1485 2396 1637 2436 Togatam.
1681 2395 1754 2428 Vct-f

1002 2435 1104 2473 Schol.
1148 2436 1239 2472 Quod
1266 2438 1298 2468 in
1312 2436 1495 2470 Praetextatis
1511 2444 1667 2481 agerentur
1680 2438 1753 2480 Rer-

1000 2489 1081 2510 sonae
1107 2479 1246 2518 Nobiles,
1274 2481 1306 2511 in
1333 2480 1456 2524 Togatis
1483 2490 1584 2513 autem
1615 2482 1751 2514 Romana

998 2522 1094 2564 plebs.
1136 2524 1337 2555 staetextatas
1361 2531 1389 2556 et
1419 2525 1545 2566 Togatas
1572 2527 1752 2569 scripserunt

998 2566 1099 2597 AElius
1114 2567 1236 2605 Lamia,
1250 2566 1401 2599 Antonius
1425 2567 1538 2607 Rufus,
1563 2568 1621 2600 Cn.
1643 2569 1751 2600 Melis-

998 2620 1061 2647 sus,
1074 2609 1235 2650 Afranius,
1248 2610 1438 2653 Pomponius.
1460 2610 1530 2642 Vet.
1545 2610 1748 2651 Schol.C1-uq.

998 2651 1037 2683 B.
1061 2651 1131 2684 Vid.
1145 2653 1269 2683 omnino
1282 2652 1424 2684 Diomed.
1440 2660 1471 2685 3.
1485 2665 1515 2696 p.
1531 2658 1604 2685 486.
1619 2665 1684 2695 sqq.
1705 2653 1748 2684 G.

1043 2696 1201 2734 Docuere;
1234 2697 1276 2727 ita
1302 2703 1333 2727 et
1354 2697 1454 2728 Graeci
1475 2697 1566 2728 locuti
1590 2703 1670 2735 sunt,
1692 2694 1749 2727 ffl-

999 2738 1118 2770 θασκον.
1556 2766 1558 2768 .

1041 2789 1102 2815 292
1127 2781 1209 2813 Quia
1227 2781 1342 2825 Calpas
1350 2782 1438 2823 filius
1446 2787 1488 2813 est
1502 2783 1615 2813 Numae
1625 2781 1747 2824 Pompi-

996 2826 1042 2863 lii,
1065 2837 1085 2856 a
1111 2836 1168 2866 quo
1194 2825 1356 2867 Calpurm'i
1380 2826 1498 2856 Pisones
1521 2829 1676 2856 traxerunt
1693 2836 1745 2856 no-

995 2879 1072 2899 men.
1096 2867 1166 2899 Vet.
1181 2867 1285 2899 Schol.

1040 2917 1101 2944 293
1130 2910 1287 2942 Co'ercuit:
1310 2918 1345 2942 ut
1359 2910 1419 2941 falx
1438 2910 1542 2949 vitem,
1568 2921 1657 2952 quam
1676 2922 1744 2953 pre-

996 2955 1052 2985 mit
1068 2965 1106 2985 ne
1119 2954 1293 2985 luxurietur.
1765 2973 1769 2976 -

1040 3003 1103 3030 294
1125 2995 1183 3028 Pro
1196 2996 1364 3038 Perfectum
1378 2995 1438 3028 duo
1450 2994 1590 3029 Lambini
1607 2996 1746 3035 totideme
