1924 3458
205 267 290 306 570

650 263 704 309 Q.
740 262 1027 307 HORATII
1062 261 1308 308 FLAccr

374 377 654 422 Offenduntur
672 380 785 423 enim
805 380 951 438 quibus
971 386 1032 422 est
1049 393 1189 437 equus,
1213 387 1255 422 et
1272 387 1399 436 pater,
1419 388 1461 423 et
1479 386 1568 434 res3'

373 452 479 508 Nec,
502 454 536 496 si
556 454 654 512 quid
674 455 783 497 fricti
804 455 947 497 ciceris
962 456 1106 512 probat
1125 461 1167 497 et
1186 455 1302 497 nucis
1322 462 1468 508 emtor,

231 534 317 571 250

374 528 520 586 AEquis
539 529 749 587 accipiunt
768 530 930 584 animis,
953 530 1156 572 donantve
1175 544 1336 572 corona.

375 603 541 660 Syllaba
559 605 683 660 longa
701 603 814 646 brevi
833 601 1015 661 subjecta
1033 611 1200 646 vocatur
1218 603 1399 655 Iambus,

373 677 449 720 Pes
470 677 598 731 citus3
627 679 738 720 unde
758 678 883 720 etiam
901 678 1095 720 trimetris
1114 692 1343 720 accrescere
1356 678 1476 735 jussit

372 751 542 794 Nomen
561 752 750 805 Iambeis,
771 766 867 793 cum
887 765 1004 793 senos
1024 751 1210 793 redderet
1228 751 1346 804 ictus,

372 826 533 869 Primus
553 827 605 868 ad
624 834 853 868 extremum
874 824 1017 866 similis
1036 824 1138 866 sibi:
1169 839 1253 866 non
1272 824 1328 866 ita
1347 824 1520 880 pridem,

233 905 314 944 255

372 900 544 943 Tardior
561 908 607 942 ut
626 901 749 956 paulo
767 899 1006 956 graviorque
1025 898 1183 940 veniret
1201 899 1254 940 ad
1272 912 1401 952 aures,

374 974 584 1030 Spondeos
605 973 767 1015 stabiles
788 973 832 1015 in
845 971 939 1030 jura
957 980 1127 1029 paterna
1146 972 1301 1030 recepit

374 1048 625 1090 Commodus
645 1055 687 1090 et
705 1048 863 1105 patiens
880 1064 890 1090 z
925 1063 1008 1090 non
1024 1055 1071 1089 ut
1091 1048 1142 1090 de
1161 1048 1255 1090 sede
1276 1049 1456 1091 secunda

375 1122 549 1164 Cederet
568 1129 638 1164 aut
658 1131 800 1179 quarta
818 1122 1046 1165 socialiter:
1077 1122 1147 1164 hie
1168 1130 1210 1164 et
1229 1122 1273 1164 in
1293 1125 1402 1165 Acci

371 1196 591 1239 Nobilibus
613 1197 804 1239 trimetris
824 1204 993 1254 apparet
1013 1211 1136 1250 raruS,
1156 1205 1198 1239 et
1216 1197 1336 1240 Enni

231 1278 316 1315 260

375 1271 425 1313 In
441 1286 607 1314 scenam
628 1271 770 1314 missos
791 1286 944 1328 magno
965 1287 1061 1313 cum
1082 1272 1262 1328 pondere
1282 1287 1430 1326 versus,

372 1347 458 1388 Aut
477 1360 612 1402 operae
633 1345 774 1388 celeris
796 1346 973 1387 nimium
995 1360 1171 1402 curaque
1193 1347 1381 1400 carentis,

373 1423 458 1464 Aut
478 1421 674 1477 ignoratae
694 1421 844 1477 premit
863 1420 958 1462 artis
979 1419 1152 1462 crimine
1171 1421 1292 1478 turpi.

372 1498 472 1544 Non
491 1496 621 1553 quivis
641 1496 752 1538 videt
771 1495 1041 1537 immodulata
1058 1501 1255 1551 poemata
1267 1495 1420 1553 judex;

469 1618 533 1646 260
545 1613 650 1644 missus
659 1613 760 1643 Marc.
777 1612 877 1643 Benll.
892 1615 919 1641 et
930 1611 971 1641 al.
986 1610 1070 1652 apud
1086 1609 1164 1642 Cun-

201 1734 259 1756 nus
273 1730 319 1756 est
338 1724 427 1755 etiam
445 1724 649 1755 communium
676 1723 833 1754 verborum
855 1722 955 1753 delec-

199 1774 259 1799 tus.

245 1816 307 1841 248
335 1810 450 1842 Quibus
475 1815 517 1841 est
542 1819 645 1850 equuS,
668 1807 751 1839 Ordo
777 1807 950 1849 Equestris3

202 1854 308 1895 quibus
322 1858 364 1884 est
378 1858 474 1896 pater,
488 1852 624 1888 Patricii;
648 1852 754 1892 quihus
766 1856 808 1883 est
822 1863 879 1891 res,
894 1851 954 1883 Di-

200 1898 301 1935 tiores,
315 1896 423 1937 quibus
438 1896 589 1927 honestior
599 1906 703 1926 census
718 1902 773 1926 est.

245 1946 309 1973 ‘249
325 1940 430 1977 Fricti‚
444 1940 522 1971 tosti.
546 1938 584 1971 B.
607 1938 674 1970 Vid.
692 1937 756 1969 Sat.
776 1945 802 1969 1.
817 1941 846 1968 6.
865 1944 954 1970 115.:

201 1989 233 2014 2.
250 1989 280 2014 3.
299 1989 370 2014 182.
392 1982 433 2014 G.

239 2026 308 2057 '251
333 2025 461 2067 Syllaba
476 2027 565 2065 longa
581 2025 659 2055 brevi
668 2036 682 2063 ‚·
703 2022 889 2065 Praeceptum
904 2023 956 2055 de-

202 2069 315 2099 cimum
332 2079 458 2106 nonum,
472 2067 523 2099 De
538 2067 666 2110 pedibus
682 2066 833 2098 Iambicis,

245 2111 384 2151 Subjecta
393 2124 406 2150 ,·
428 2111 600 2153 postposite.

246 2161 307 2185 25⁴2
335 2155 489 2186 Trimetris
498 2166 511 2193 ‚·
534 2165 570 2185 ex
595 2164 646 2184 sex
672 2153 783 2184 lambis
814 2157 872 2184 tres
896 2153 955 2183 Di-

201 2197 385 2238 tamln'facti
398 2203 477 2228 sunt.
500 2196 570 2228 Vet.
587 2195 690 2227 Schol.
733 2195 816 2227 Nam
830 2206 884 2238 per
897 2195 957 2227 Di-

200 2240 305 2284 podias
320 2248 514 2271 numerantur
526 2239 560 2271 hi
575 2250 683 2270 versus.

246 2290 308 2315 253
328 2284 417 2322 lctus,
434 2294 584 2321 numeros,
599 2283 645 2314 vel
654 2282 755 2326 pulsus
769 2281 890 2323 pedum.

246 2333 309 2358 254
338 2327 480 2366 Pn'tlacrn3
503 2338 539 2358 ex
562 2338 623 2369 quo
646 2326 759 2357 scilicet
788 2326 879 2356 nostri
901 2323 958 2356 ho-

204 2370 300 2400 mines
336 2369 481 2401 Dramata
514 2380 720 2412 composuere.
753 2367 791 2399 B.
836 2367 958 2399 Veteres

202 2411 321 2455 Tragici
332 2420 362 2443 et
373 2412 490 2444 Comici
503 2412 720 2451 Romanorum,
729 2418 764 2442 ut
776 2410 826 2442 hic
835 2410 957 2449 Accius,

203 2454 380 2498 Enniusque
404 2457 450 2487 vix
473 2456 610 2488 ultimam
634 2456 779 2497 cujusque
792 2465 892 2485 versus
912 2465 958 2485 re-

202 2499 323 2540 gionem
340 2498 447 2530 lambo
471 2500 514 2531 illi
534 2500 683 2542 primitivo
698 2498 851 2540 reliquere.
895 2496 958 2528 Sed

173 2575 175 2578 ¹
203 2552 263 2572 uon
276 2544 321 2574 ita
333 2543 448 2585 pridem
462 2544 592 2584 aequales
606 2550 637 2574 et
647 2542 747 2585 paullo
758 2541 880 2581 majores
891 2540 959 2572 Ho-

204 2586 279 2616 ratio
291 2584 349 2619 hoc
365 2594 527 2623 servarunt,
542 2595 575 2618 ut
596 2587 627 2617 in
641 2586 761 2629 regione
776 2585 880 2625 impari
892 2585 960 2626 qui-

204 2627 271 2658 dem
285 2628 460 2670 spondeum,
469 2637 500 2660 et
513 2630 642 2671 aequales
649 2629 782 2671 spondeo
796 2627 841 2658 vel
852 2626 959 2658 lambo

205 2671 306 2712 pedes,
322 2673 497 2714 reciperent,
512 2683 597 2715 pares
623 2680 724 2703 autem
745 2683 767 2702 s.
784 2671 959 2702 masculinas

205 2715 342 2755 regiones
357 2715 420 2746 solo
436 2715 545 2747 [ambo
559 2715 739 2758 implerent3
762 2725 822 2756 qua
845 2715 959 2744 ratione

201 2767 239 2786 ee
251 2756 288 2786 ad
303 2758 476 2790 Graecorum
491 2766 625 2790 exactam
637 2759 823 2801 diligentiam
843 2757 960 2788 confor-

207 2808 336 2839 marum,
351 2812 477 2842 quorum
493 2801 609 2833 Senarii
625 2813 648 2833 s.
661 2801 802 2833 Trimetri
821 2807 873 2831 aut
895 2811 959 2830 me-

207 2851 334 2915 {OS‚laut
357 2853 435 2917 egi-te
456 2845 487 2875 in
509 2846 591 2876 omni
605 2846 726 2888 regione
745 2845 822 2887 pari,
843 2841 958 2874 habent

226 2895 272 2914 am
283 2895 337 2917 ios.
391 2910 399 2918 .

252 2933 314 2959 256
330 2929 456 2963 Stabiles
466 2943 479 2970 ,·
502 2931 612 2971 firmos,
627 2930 806 2970 immobiles,
815 2940 876 2961 non
892 2940 958 2962 cur-

207 2977 316 3002 tentes.
343 3002 346 3005 Δ

1252 1616 1314 1643 263
1338 1611 1434 1643 Num.
1456 1612 1495 1642 Z.

1040 1727 1099 1758 257
1122 1722 1301 1754 Commodus
1323 1728 1349 1753 et
1367 1725 1487 1765 patiens
1499 1736 1512 1763 ;
1535 1724 1632 1755 suavis
1652 1731 1683 1756 et
1705 1736 1748 1755 εει

996 1766 1172 1807 quanimus;
1194 1766 1246 1807 qui
1266 1765 1379 1797 scilicet
1396 1767 1464 1808 jure
1484 1778 1539 1798 suo
1562 1767 1640 1798 ultro
1661 1769 1749 1799 cede-

994 1816 1050 1840 ret.

1038 1858 1099 1883 258
1124 1852 1302 1891 Socialiter5
1324 1853 1471 1883 sociorum
1498 1852 1569 1891 ritu,
1593 1853 1645 1894 qui
1668 1853 1749 1884 bona

998 1906 1067 1936 quae
1081 1894 1195 1925 habent
1210 1895 1287 1925 inter
1300 1906 1332 1926 se
1346 1895 1488 1926 dividunt.
1504 1920 1507 1923 ,
1525 1896 1672 1927 lambiens
1684 1897 1750 1927 Tri-

998 1943 1087 1969 meler
1110 1939 1252 1977 Tragims
1279 1939 1382 1981 recipit
1406 1939 1506 1980 pedes,
1527 1939 1643 1969 dextros
1664 1948 1752 1982 spem-

997 1982 1094 2018 deum,
1104 1981 1236 2012 videlicet
1242 1982 1389 2024 primum,
1399 1981 1530 2018 tertium,
1546 1986 1572 2011 ct
1587 1982 1725 2022 quintum
1736 1994 1751 2020 ,-

997 2024 1131 2055 sinistros
1153 2024 1280 2062 lambos,
1302 2025 1445 2062 videlicet,
1467 2025 1637 2062 secundum,
1660 2035 1750 2066 quar-

997 2071 1073 2105 tum,
1089 2072 1116 2097 et
1131 2072 1258 2103 sextum.
1282 2066 1351 2098 Vet.
1367 2066 1469 2098 Schol.
1486 2068 1518 2097 in
1532 2066 1631 2109 Epod.
1649 2074 1678 2099 1.

1041 2116 1103 2143 259
1121 2111 1287 2149 Nobilibus,
1302 2109 1418 2141 Ironice
1430 2110 1563 2153 protulit.
1635 2106 1639 2113 '

1040 2157 1103 2185 260
1119 2154 1237 2193 Magno
1252 2165 1319 2185 cum
1362 2155 1485 2192 onam,-
1509 2154 1658 2184 tardorum
1673 2153 1751 2184 scili·

998 2202 1046 2226 cet
1066 2194 1285 2238 Spondeorum.
1378 2197 1485 2228 ntleius
1500 2208 1536 2227 ex
1551 2195 1661 2235 Libris,
1683 2208 1751 2228 mm

997 2249 1107 2279 magno
1132 2241 1278 2282 pondere:
1323 2239 1385 2271 Sed
1413 2240 1505 2271 altera
1534 2239 1640 2271 Lectio
1665 2251 1751 2281 aeque

997 2282 1078 2312 bona
1092 2290 1147 2313 est.
1190 2282 1279 2314 Certe
1294 2283 1440 2325 ejusmodi
1455 2283 1627 2314 variationes
1640 2283 1753 2326 pende·

999 2325 1072 2356 bant
1098 2325 1135 2356 de
1163 2327 1305 2357 memoria
1329 2326 1563 2368 Exscriptorum.
1586 2325 1625 2357 B.
1672 2325 1751 2357 Cum

999 2379 1109 2409 mag-rw
1133 2368 1182 2400 hic
1202 2370 1297 2412 magis
1319 2370 1418 2412 placet
1431 2369 1513 2412 quod
1539 2368 1611 2400 facit
1636 2379 1750 2400 versum

1000 2413 1154 2443 vastiorem
1167 2420 1197 2443 et
1208 2414 1381 2455 graviorem.
1401 2412 1442 2443 G.

1044 2459 1105 2487 262
1119 2456 1233 2487 Premit
1243 2469 1256 2495 ,·
1278 2463 1391 2494 onerat,
1410 2456 1447 2487 de
1463 2454 1568 2486 lambo
1581 2462 1681 2485 autem
1694 2453 1753 2485 hoc

1001 2498 1073 2529 dicit
1088 2509 1141 2540 per
1154 2497 1406 2542 Proeopopoeiam.
1449 2498 1569 2530 Frustra
1577 2497 1753 2528 Theodorus

1001 2540 1156 2573 Marcilius
1183 2543 1308 2574 mutavit
1337 2543 1441 2574 missos
1467 2542 1499 2572 in
1521 2542 1629 2573 missus
1651 2547 1753 2571 contra

1001 2584 1148 2615 Codicum
1161 2585 1263 2624 fidem,
1277 2593 1313 2617 ut
1325 2596 1427 2617 versus
1442 2591 1520 2615 esset
1530 2583 1752 2615 Nominativus.

1001 2627 1040 2659 B.
1084 2627 1118 2659 Si
1132 2629 1294 2660 retinemus
1315 2630 1431 2666 missos,
1445 2628 1642 2659 nominativus
1675 2626 1752 2656 roxi-

1002 2682 1118 2702 marum
1130 2672 1372 2703 enunciationum
1379 2670 1535 2702 commode
1545 2669 1605 2700 huc
1615 2676 1659 2699 tra
1683 2669 1752 2700 itur.

1003 2715 1064 2745 Hic
1084 2713 1442 2759 Iambus—apparet—et
1479 2712 1752 2745 Enni—verm—

999 2758 1118 2799 jin-emit.
1162 2757 1285 2800 Nempe
1306 2758 1378 2789 tollo
1395 2756 1664 2798 interpunctionem
1685 2762 1754 2828 post

1002 2799 1099 2831 Εηηὲ.
1143 2799 1178 2832 Si
1201 2812 1270 2832 vero
1292 2802 1400 2832 missus
1422 2799 1548 2842 placeat,
1578 2798 1633 2828 erit
1663 2809 1752 2839 pane

1001 2844 1180 2874 extrinsecus
1195 2844 1388 2876 assumendus
1399 2842 1590 2880 accusativus,
1605 2846 1752 2872 auctorem

999 2897 1099 2924 suum,
1115 2886 1161 2916 vel
1176 2888 1235 2918 tale
1250 2886 1331 2929 quid.
1353 2886 1394 2916 G.

1043 2933 1104 2960 263
1121 2930 1192 2961 Non
1203 2931 1300 2972 quivis
1313 2929 1402 2967 videt,
1410 2927 1460 2960 Tu
1474 2927 1571 2960 dieas:
1593 2937 1663 2959 nam
1673 2925 1753 2959 Sub·

993 2972 1088 3012 jectio
1100 2979 1155 3004 est.
