1924 3458
606 372 990 416 SERMONUM
1026 372 1145 415 L1ss.
1181 372 1214 416 1.
1255 380 1293 416 2.

1633 378 1715 417 305

359 489 435 531 Ilia
453 495 494 529 et
510 485 677 542 AEgeria
695 494 756 529 est
771 494 782 530 ἑ
813 488 866 529 do
885 501 1038 528 nomen
1058 485 1270 544 quodlibet
1289 486 1363 529 illi.

356 563 447 605 Nec
466 575 604 603 vereor
620 576 686 614 ne,
710 562 809 604 dum
829 562 957 612 fumo,
972 560 1034 601 vir
1050 574 1142 602 rure
1160 566 1351 612 recurrat,

354 636 382 678 J
384 649 489 677 anua
504 636 721 690 frangatur,
739 636 858 676 latret
875 633 999 686 canis,
1017 633 1200 691 undique
1219 638 1371 688 magno

354 710 474 752 Pulsa
492 710 635 751 domus
653 707 821 763 strepitu
840 708 1011 760 resonet,
1033 707 1233 763 vepallida
1250 708 1359 747 lecto
1379 726 1384 729 ·

246 791 326 829 130
353 785 527 829 Desiliat
546 786 704 840 mulier,
728 786 916 828 miseram
936 801 978 828 se
997 786 1162 829 conscia
1181 787 1331 828 clamet
1342 800 1356 837 3

354 861 547 903 Cruribus
565 862 656 903 haec
676 867 844 913 metuat,
863 860 948 902 doti
967 861 1175 917 deprensa,
1198 867 1363 916 egomet
1380 862 1466 914 mi3

351 933 566 978 Discincta
582 935 723 976 timica
740 934 980 989 fugiendum
999 940 1072 987 est,
1094 949 1143 976 ac
1161 934 1265 990 pede
1284 934 1409 986 nudo,

352 1008 419 1050 Ne
439 1009 600 1050 nummi
617 1014 798 1064 pereant,¹
820 1014 890 1048 aut
906 1022 1024 1064 pyga,
1043 1015 1114 1050 aut
1132 1000 1310 1066 denique
1329 1010 1449 1051 fama.

352 1081 565 1138 Deprendi
583 1081 776 1123 misemm
796 1087 880 1123 est:
913 1080 1041 1123 Fabio
1058 1080 1271 1138 veljudiee
1289 1081 1464 1124 vincam.

344 1221 405 1249 ης
426 1199 650 1257 vepauida‚⁴veh
662 1213 781 1256 pallida,
791 1223 836 1244 ναι
850 1214 958 1255 pallida
971 1213 1069 1246 MSS.
1083 1219 1112 1245 ec
1119 1215 1231 1257 μήπω
1243 1215 1324 1247 edice.
1337 1204 1486 1257 nusquam
1498 1223 1548 1245 ne.

180 1332 344 1365 Lambinus
365 1340 396 1363 et
418 1331 566 1373 Cruquius
587 1343 624 1363 ex
644 1332 733 1363 veteri
754 1332 863 1364 Codice
878 1344 923 1364 re-

179 1387 302 1418 posuere
319 1376 406 1418 (quos
421 1382 451 1405 et
464 1382 582 1405 secutus
595 1381 639 1405 est
653 1374 802 1416 Lubinus)
819 1387 872 1418 pro
886 1387 923 1407 eo

180 1419 261 1461 quod
276 1426 347 1456 emt,
364 1418 476 1449 Dextro
490 1427 594 1459 corpus
607 1418 685 1448 mihi
700 1419 822 1456 laeuum,
843 1419 923 1460 qnod

179 1462 226 1492 vel
241 1461 334 1504 prima
354 1460 450 1491 fionte
463 1460 599 1490 vitiosum
614 1467 668 1490 est.
712 1461 777 1491 Hoc
790 1465 832 1491 est
845 1463 924 1502 quod

181 1505 317 1535 Ludlius
331 1504 375 1535 ait
394 1504 427 1533 in
441 1503 553 1543 quinto,
569 1503 612 1532 Ec
627 1502 759 1533 cruribus
769 1507 862 1534 'crura
876 1505 922 1534 di-

180 1548 275 1578 laxat.
298 1544 368 1577 Vet.
382 1543 485 1576 Schol.

201 1618 204 1619 ⁷
226 1595 285 1622 129
309 1588 473 1630 Vepallida,
497 1597 560 1617 una
584 1595 660 1628 pars
684 1592 727 1617 est
769 1586 920 1618 Orationis

178 1630 254 1662 Sicut
266 1641 387 1668 vesana,
401 1634 429 1660 et
443 1629 589 1669 sig-vificat
603 1629 689 1659 valde
698 1630 828 1671 pallida,
843 1630 920 1660 sicut

178 1674 261 1716 apud
283 1672 422 1704 Persium
448 1672 490 1713 (1.
517 1670 581 1711 97.)
630 1671 672 1702 Ue
701 1673 817 1702 ramale
838 1676 922 1703 vetus

177 1716 319 1757 vegrandi
342 1714 441 1746 subere
467 1718 588 1745 coctum.
621 1712 692 1744 Vet.
713 1712 815 1744 Schol.
830 1712 921 1756 Cruq.

176 1756 331 1790 Bentleius
359 1767 411 1787 sua
435 1757 604 1787 auctoritate
633 1757 736 1787 acriter
771 1757 922 1788 contendit

189 1802 257 1832 ’που
341 1801 347 1807 ’
394 1799 553 1841 legendum
564 1810 626 1829 esse
638 1809 674 1829 ne
681 1799 799 1840 pallida
806 1811 820 1838 ,-
831 1807 920 1841 atque

199 1854 263 1874 oca
282 1849 412 1874 versante
427 1842 549 1883 antiquo
571 1840 745 1872 Scholiaste.
768 1841 806 1873 B.
828 1841 921 1873 Recte

176 1885 249 1928 legit
262 1884 334 1917 Vet.
353 1882 455 1915 Schol.
477 1884 529 1915 sed
551 1884 628 1914 male
643 1884 845 1925 interpretatus
867 1892 920 1916 est.

179 1928 221 1959 Ve
255 1929 287 1959 in
315 1938 380 1959 com
434 1927 524 1957 itione
553 1937 668 1968 semper
695 1927 798 1957 vitium
827 1933 921 1966 notat,

176 1968 326 2013 nepallida
339 1937 543 2011 nffipallida
567 1976 622 2000 est.
664 1969 713 2000 Ne
726 1980 843 2001 cursum
858 1978 922 2000 ora-

178 2013 267 2043 tionis
281 2013 438 2086 intCercipit‚
451 2019 481 2042 et
491 2011 880 2086 ffldznlfflgmtgrmnv
878 2012 921 2043 G.

225 2060 286 2086 130
337 2064 436 2084 omcza
447 2066 460 2092 ,-
637 2066 652 2086 c
727 2065 757 2085 ia
821 2078 829 2086 .
881 2062 921 2085 et.

178 2095 280 2128 Schol.
417 2121 420 2124 ,

224 2145 281 2170 131
308 2138 473 2176 Cruvibu85
495 2139 607 2170 Metuit
628 2147 664 2169 ne
684 2140 816 2170 mribus
837 2143 920 2170 trun-

177 2188 266 2214 cetur.
287 2180 358 2212 Vet.
378 2179 481 2212 Schol.
495 2179 586 2222 Cruq.
628 2180 700 2212 Erat
713 2189 812 2212 autem
827 2183 920 2213 cruri—

168 2226 311 2266 fragium
324 2222 472 2267 peculiate
487 2233 632 2256 servorum
647 2224 833 2267 supplicium.

1006 1331 1106 1363 Etiam
1131 1339 1199 1364 ante
1212 1331 1326 1375 Legem
1339 1331 1454 1363 Juliam
1475 1330 1655 1375 deprehensa
1675 1332 1707 1362 in

964 1374 1106 1406 adulterio
1120 1375 1196 1406 dotis
1217 1383 1300 1418 parte
1322 1374 1566 1412 multabatursi'xt
1579 1385 1615 1404 ex
1635 1373 1706 1406 val.

963 1415 1099 1448 Maximo
1113 1416 1245 1448 Jacobus
1268 1417 1416 1458 Cruquius
1438 1416 1575 1448 ostendit.
1616 1414 1707 1448 Nihil

963 1469 1037 1501 opus
1051 1467 1114 1491 erat
1138 1459 1309 1491 Bentleium
1330 1460 1491 1502 reposuisse
1506 1460 1567 1490 doti
1581 1460 1644 1490 haec
1657 1460 1706 1490 de-

957 1511 1068 1544 prensa
1094 1503 1156 1534 sola
1184 1502 1337 1534 inductum
1366 1503 1541 1543 conjectura.
1594 1500 1706 1544 Neilue

962 1554 1032 1575 sane
1046 1545 1108 1586 pari
1124 1544 1215 1587 gradu
1227 1544 1330 1576 hexam
1344 1551 1375 1574 et
1389 1544 1525 1575 ancillam
1541 1543 1640 1575 decuit
1653 1554 1709 1575 no-

961 1587 1067 1617 minari
1091 1586 1150 1618 hoc
1172 1588 1248 1618 loco.
1280 1586 1319 1617 B.
1367 1585 1410 1617 Et
1431 1588 1571 1628 deprensa
1590 1588 1707 1629 proprie

961 1638 1024 1659 non
1038 1629 1145 1660 dicitur
1156 1630 1214 1660 nisi
1228 1637 1372 1677 matrona,
1386 1639 1496 1671 nempe
1510 1639 1556 1667 ea,
1579 1629 1662 1670 cujus
1676 1636 1708 1661 et

964 1681 1076 1745 minae?
1091 1671 1376 1746 eDtispgliicc'txdussuZissa
1385 1670 1543 1755 qemgyac
1570 1722 1707 1761 expressa

957 1758 1140 1798 perturbatio
1152 1757 1294 1795 >‹adulter-i,
1319 1758 1355 1788 de
1378 1757 1442 1799 ipso
1458 1759 1528 1788 lecto
1542 1757 1636 1787 subito
1646 1756 1708 1798 fu-

958 1799 1075 1839 gientis.
1094 1798 1165 1830 Vet.
1180 1798 1283 1830 Schol.

1007 1847 1066 1873 133
1091 1843 1138 1873 Ne
1156 1843 1273 1873 nummi
1289 1845 1435 1884 pereant,-
1456 1841 1561 1881 qidbus
1581 1842 1708 1874 adulteri

962 1884 1141 1916 redimebam
1155 1885 1344 1916 adulterium.
1365 1882 1434 1914 Vet.
1447 1881 1549 1915 Schol.
1644 1892 1646 1894 ’

1004 1926 1069 1958 Aut
1077 1937 1164 1970 pyga
1171 1939 1186 1967 ,·
1206 1925 1395 1970 raphanismo
1405 1925 1527 1965 scilicet,
1541 1927 1646 1970 mugili
1658 1927 1706 1959 vel

963 1969 1123 2000 calonibus.

1011 2018 1071 2043 134
1092 2013 1242 2044 Miser-mn
1256 2017 1298 2044 est
1306 2024 1321 2051 ;
1344 2011 1523 2053 ’Βμπαθῶς.
1605 2026 1607 2028 ·

1007 2055 1100 2086 Fabio
1113 2057 1160 2086 vel
1173 2054 1298 2096 judice,·
1320 2053 1398 2085 Satis
1420 2054 1531 2086 urbane
1553 2053 1707 2087 hominem

965 2106 1097 2128 severum
1118 2098 1255 2140 percutit,
1279 2104 1309 2128 et
1331 2095 1539 2129 vaincialem
1555 2097 1706 2137 Stoicum;

965 2140 1198 2179 cujus‘meminit
1211 2140 1300 2171 etiam
1324 2140 1355 2170 in
1378 2140 1481 2181 prima.
1523 2139 1586 2171 Alii
1610 2139 1706 2171 Juris-

960 2181 1128 2215 consultum
1142 2179 1259 2226 pnoent.
1301 2180 1327 2215 F
1326 2192 1411 2214 omn
1430 2184 1589 2225 utrumque
1603 2193 1704 2215 verum

961 2231 1014 2255 est.
1181 2231 1183 2233 ’
