1950 3626
232 373 352 416 xxxvi
558 373 621 420 Q.
665 373 954 418 HORATII
995 372 1238 418 FLACCI
1279 371 1445 417 VITA.

231 499 369 548 minis
392 500 465 549 tui
499 500 564 550 sit
587 507 865 563 ὀγκωὸέςατος,
891 502 1015 551 sicut
1033 510 1119 551 est
1154 500 1407 551 ventriculi
1436 498 1508 548 tui
1523 497 1563 546 ¹¹¹2
1636 495 1773 545 Vixit

232 583 486 648 plurimum
519 585 564 634 in
589 602 777 635 secessu
806 586 947 636 Ruris
980 585 1053 635 sui
1077 585 1253 646 Sabini,
1280 594 1363 634 aut
1384 583 1644 642 Tiburtini;
1685 583 1770 630 do-

232 683 434 732 musque
458 669 560 734 ejus
583 671 844 720 ostenditur
866 670 992 720 circa
1011 670 1211 720 Tiburni
1237 670 1463 719 luculum.
1520 668 1772 716 Venerunt

223 751 277 801 ,in
303 770 470 802 manus
492 769 622 803 meas
642 763 690 803 et
716 754 849 820 Elegi
873 756 962 808 sub
986 755 1088 819 ejus
1111 754 1263 814 titulo,
1296 762 1347 802 et
1385 752 1604 818 Epistola
1627 767 1771 816 prosa

230 836 443 886 oratione
467 838 604 902 quasi
627 839 1002 890 commendantis
1040 856 1091 889 se
1128 838 1409 899 Maecenati3
1447 837 1531 887 sed
1568 835 1777 899 utraque

228 920 348 971 falsa
386 930 516 986 puto.
591 922 724 973 Nam
769 924 903 991 Elegi
943 925 1175 992 vulgares,
1228 923 1446 988 Epistola
1487 930 1646 971 autem
1686 921 1771 968 ob-

227 1023 382 1067 scura,
410 1023 508 1071 quo
531 1007 643 1059 vitio
667 1008 860 1058 minime
879 1011 1140 1065 tenebatur.
1183 1008 1344 1057 Natus
1362 1015 1436 1056 est
1453 1006 1547 1061 VI.
1572 1005 1645 1054 Id.
1669 1005 1771 1054 De·

231 1090 448 1159 cembriS‚
480 1091 535 1140 L.
563 1091 709 1142 Cotta
732 1101 780 1142 et
805 1093 860 1142 L.
887 1093 1134 1156 Torquato
1160 1092 1297 1142 Coss.
1327 1091 1554 1140 Decessit
1574 1090 1639 1138 V.
1658 1088 1768 1137 Kal.

231 1174 468 1225 Decemb.
496 1175 554 1225 C.
585 1176 774 1226 Marcio
799 1177 1065 1226 Censorino
1098 1186 1147 1225 et
1171 1176 1229 1225 C.
1257 1175 1425 1224 Asinio
1447 1173 1601 1223 Gallo
1627 1173 1769 1222 Coss.

229 1269 339 1324 post
363 1277 538 1309 nonum
552 1263 583 1323 †
607 1269 657 1326 et
679 1260 1122 1328 quinquagesimum
1141 1277 1332 1318 annum,
1350 1259 1538 1308 haerede
1554 1258 1773 1324 Augusto

229 1344 388 1409 palam
412 1353 698 1408 nuncupato,
719 1362 827 1394 cum
853 1353 1048 1411 urgente
1074 1343 1116 1392 vi
1131 1342 1410 1393 valetudinis
1427 1359 1522 1391 non
1537 1342 1773 1391 sufficeret

230 1428 290 1477 ad
315 1427 632 1495 obsignandas
655 1428 949 1478 Testamenti
974 1430 1176 1478 tabulas.
1253 1428 1494 1476 Humatus
1530 1435 1579 1475 et
1612 1425 1772 1475 condi-

231 1521 307 1562 tus
343 1522 417 1562 est
449 1499 669 1562 extremis
705 1513 943 1578 Esquiliis,
974 1515 1117 1579 juxta
1144 1511 1426 1562 Maecenatis
1451 1510 1705 1584 tumulum.

231 1655 275 1687 ut
300 1648 416 1686 hodie
442 1662 639 1695 vocamus,
674 1655 713 1688 et
741 1650 794 1688 ibi
824 1649 1037 1689 contractis
1067 1650 1229 1703 pedibus
1258 1650 1439 1696 scribere,
1459 1648 1573 1700 Angli
1597 1648 1775 1698 juvenes,

232 1732 399 1771 quorum
428 1719 567 1758 deinde
594 1721 798 1759 insectatio
823 1722 988 1760 Bentleii
1020 1722 1402 1768 commemorabitur,
1421 1721 1507 1759 illos
1533 1720 1652 1758 risum
1672 1732 1775 1771 quae-

231 1804 314 1830 rere
332 1799 511 1843 apertum
532 1799 600 1830 est.
656 1792 850 1832 Caeterum
871 1792 954 1831 haec
974 1793 1126 1832 videtur
1138 1807 1217 1832 esse
1232 1793 1404 1845 epistolae
1425 1790 1626 1830 sententia.
1684 1790 1773 1829 Hu-

233 1863 452 1903 manissime
471 1870 633 1902 accusat
660 1865 861 1915 Augustus
882 1864 1107 1903 brevitatem
1129 1863 1216 1902 libri
1245 1864 1414 1909 Horatii,
1429 1876 1553 1914 coque
1569 1863 1652 1914 ipso
1671 1861 1771 1900 indi-

220 1940 310 1984 cat,
329 1949 368 1975 se
383 1935 551 1974 lectione
571 1935 674 1973 illius
691 1948 768 1973 non
783 1934 977 1974 satiatum.
1016 1935 1157 1975 Jocose
1176 1943 1307 1974 autem
1329 1933 1505 1986 impingit
1526 1934 1668 1972 Flacco
1685 1934 1773 1972 bre·

233 2007 360 2046 vitatis
377 2006 485 2045 illius
511 2006 730 2054 consilium,
755 2006 874 2044 vereri
901 2006 1028 2052 illum,
1049 2019 1097 2044 ne
1115 2019 1155 2045 se
1181 2006 1264 2058 ipso
1284 2007 1448 2056 majores
1467 2005 1543 2044 sint
1568 2005 1658 2044 libri
1679 2018 1775 2057 quos

225 2078 376 2125 ederet.
433 2078 567 2125 Addit,
582 2078 610 2116 si
632 2077 725 2116 velit
740 2085 855 2130 poeta
870 2078 1068 2116 volumina
1081 2077 1206 2116 facere
1222 2077 1281 2116 sui
1297 2077 1451 2124 similia,
1466 2077 1604 2115 debere
1615 2076 1685 2114 illa
1698 2089 1774 2114 non

230 2149 349 2201 longa
367 2149 524 2200 quidem
540 2162 620 2188 esse
643 2149 791 2201 (cogita
806 2149 883 2196 hic,
903 2148 1042 2195 lector,
1060 2148 1240 2188 volumen
1265 2148 1306 2187 in
1327 2148 1472 2187 bacillo
1494 2160 1566 2186 suo
1580 2147 1638 2185 vel
1659 2147 1775 2198 longo

231 2220 291 2258 vel
311 2221 417 2259 brevi
441 2220 734 2270 convolutum),
754 2220 820 2258 sed
848 2227 977 2259 tamen
1006 2219 1277 2258 crassiuscula.
1336 2219 1472 2271 Itaque
1497 2218 1583 2257 licet
1608 2231 1680 2271 pro
1707 2218 1776 2256 illo

223 2289 392 2339 bacillo,
413 2291 477 2330 cui
497 2291 707 2331 involvitur
726 2291 876 2338 charta,
892 2291 1077 2330 adhibere
1095 2292 1364 2338 sextariolum‘,
1379 2291 1600 2343 cylindrum
1620 2291 1774 2330 brevem

232 2364 297 2403 sed
318 2363 570 2416 proportione
589 2377 762 2403 crassum
782 2356 846 2412 (u't
865 2364 894 2403 si
915 2364 1021 2402 axim
1039 2371 1171 2415 aequet
1189 2364 1246 2402 vel
1268 2370 1421 2415 superet
1439 2363 1535 2401 adeo
1555 2362 1776 2407 diametros,

233 2435 340 2487 quod
355 2435 394 2474 in
411 2436 597 2474 mensuris
609 2436 737 2487 parvis
752 2435 1006 2487 liquidorum,
1022 2435 1140 2487 magis
1153 2436 1269 2474 etiam
1285 2434 1500 2481 aridorum,
1514 2434 1672 2473 solenne
1686 2436 1778 2484 est),

234 2520 324 2551 Quo
347 2508 419 2558 (ita
447 2507 652 2559 legendum
680 2520 752 2558 pro
770 2520 864 2554 cum,
890 2506 995 2558 quod
1017 2512 1149 2545 ortum
1168 2506 1321 2545 videtur
1345 2519 1395 2544 ex
1421 2518 1539 2557 quoru.
1561 2505 1601 2542 in
1621 2504 1725 2556 quod
1754 2500 1776 2555 η’

232 2593 301 2632 quo
321 2578 489 2631 primum
516 2578 614 2617 forte
633 2585 819 2630 corrupta
837 2579 911 2627 est)
935 2577 974 2616 h.
992 2590 1027 2616 e.
1050 2588 1102 2616 υτ
1127 2580 1305 2615 cit-cuitus
1330 2577 1387 2615 tui
1409 2576 1598 2614 voluminis
1622 2586 1780 2629 propter

233 2650 346 2689 illum
359 2646 427 2688 cui
448 2649 668 2688 involutum
688 2657 746 2689 est
759 2648 1028 2697 sextariolum,
1042 2648 1091 2687 sit
1108 2648 1396 2697 tumidissimus,
1410 2648 1505 2686 sicut
1518 2653 1574 2687 est
1592 2648 1777 2688 circuitus

235 2722 431 2759 ventriculi
446 2724 513 2760 tui.
550 2721 691 2761 GEsN.

289 2793 314 2815 ⁴*
346 2793 446 2839 Quae
466 2794 530 2832 hic
555 2793 790 2839 omittuntur
808 2804 832 2830 a
851 2790 980 2830 nescio
1006 2802 1085 2842 quo
1104 2790 1299 2829 nebulone
1325 2789 1492 2828 infui-cta
1510 2795 1622 2834 sunt;
1653 2802 1778 2842 neque

234 2864 337 2902 enim
364 2864 490 2902 solum
520 2865 737 2911 inhonesta,
758 2875 889 2901 verum
918 2861 1036 2900 etiam
1056 2861 1287 2908 deridicula,
1309 2869 1348 2899 et
1373 2856 1559 2903 dctis-arez
1588 2860 1778 2900 videntur.

238 2934 421 2974 Desertus
440 2935 557 2973 etiam
578 2935 746 2987 prudens
762 2933 904 2973 omisit.

293 3006 317 3044 †
350 3005 576 3055 Rutgersius
606 3020 656 3045 ex
684 3005 904 3045 Eusebiano
929 3003 1126 3044 Chronico
1149 3003 1321 3058 reposuit
1347 3001 1572 3054 Septc'mum‚·
1601 3002 1776 3041 Chrono-

239 3077 372 3131 gmphi
392 3077 610 3129 dispiciant.
