1950 3626
180 306 273 350 xxvi
451 306 858 354 COMPENDIA
898 310 1249 365 NOMINUM,
1290 313 1369 355 &c-

174 433 640 499 plarreperiebantur
651 437 890 506 reliquisse
903 457 919 487 :
953 455 1011 488 ne
1021 439 1197 489 scilicet
1213 440 1377 489 deraso
1392 448 1480 488 aut
1497 447 1680 489 mutato

187 517 395 583 locozy'us
424 536 606 571 sensum
643 522 914 588 ignorarem
952 524 1054 589 ejus
1085 540 1322 589 arguerer
1354 523 1650 589 impudentiae
1663 542 1679 571 .-

186 602 488 671 quatlurimos
524 608 679 657 nostri
713 610 933 675 temporis
977 610 1107 659 viros
1148 610 1312 660 tax‘ari
1347 611 1566 660 videmus.
1610 609 1680 658 illi

186 687 377 744 cnidum
399 692 552 740 stulta
565 693 768 759 quadam
780 694 1086 758 persuasione
1105 703 1344 762 tamquam
1368 694 1521 743 omnia
1542 710 1678 744 nove-

186 774 254 825 rir
276 775 399 842 quod
425 774 514 824 sibi
544 776 834 842 incognitum
863 786 934 827 est
957 779 1191 828 derodant
1206 798 1221 827 :
1256 787 1397 846 atque
1430 778 1678 827 invertunt

185 858 293 909 meis
327 858 661 910 honestissimis
685 862 963 912 dictionibus
989 864 1202 929 linguam
1226 863 1454 912 Latinam
1484 859 1677 930 defrau-

186 945 261 994 da.
336 942 456 994 Non
489 946 712 1010 poenituit
739 947 831 996 ista
864 947 1132 997 describere
1160 965 1219 997 ex
1257 947 1377 996 libro
1407 947 1520 997 satis
1552 964 1673 1007 raro,

188 1047 238 1094 qt
263 1029 481 1079 literariae
499 1030 703 1080 historiae
728 1031 951 1081 studiosis
972 1041 1107 1098 grata
1124 1048 1229 1080 esse
1251 1048 1509 1096 speremus.
1561 1031 1679 1081 Ter-

188 1115 247 1165 fn
266 1116 512 1179 exemplar
535 1114 583 1164 in
609 1115 764 1165 fronte
794 1117 897 1165 haec
921 1117 1067 1165 habet
1089 1117 1258 1164 verba:
1331 1115 1574 1165 Horatius
1607 1116 1679 1166 ita

188 1200 410 1260 emdatus,
438 1208 494 1248 ut
513 1200 615 1264 ejus
637 1199 919 1264 interpretes
939 1216 1030 1248 non
1048 1201 1247 1249 multum
1263 1199 1489 1249 desideres
1504 1200 1679 1251 Lector

189 1283 461 1333 cdidissime.
502 1283 561 1331 In
580 1283 674 1332 fine
694 1284 810 1343 haec,
831 1282 1098 1333 Mediolani
1121 1284 1249 1348 apud
1274 1285 1414 1334 Alex.
1447 1284 1679 1334 Minutia-

191 1385 244 1420 m
281 1367 471 1418 MD11.
505 1367 634 1418 Prid.
669 1367 781 1418 Kal.
810 1368 1070 1419 Decembr.
1101 1369 1358 1434 Splendide
1393 1370 1676 1435 impressum

193 1469 268 1515 ons,
303 1453 416 1502 nihil
451 1452 741 1518 praefationis
777 1454 937 1516 habet,
977 1454 1090 1503 nihil
1127 1455 1271 1515 aliud,
1300 1455 1430 1519 quod
1455 1457 1677 1505 observa·

194 1537 235 1593 ri
262 1538 512 1605 singulare.

237 1660 248 1671 .
275 1622 384 1671 Sax.
425 1621 467 1672 C
471 1621 632 1672 ollatio
658 1622 877 1683 Saxiana,
899 1624 960 1672 de
984 1640 1082 1687 qua
1102 1623 1299 1673 Praesid.
1319 1642 1364 1672 n.
1390 1624 1492 1673 ΙΙΙ.

231 1706 255 1757 2.
285 1706 478 1769 Zarotti,
501 1717 555 1757 ut
572 1716 765 1773 putatur
790 1708 949 1770 editio,
977 1709 1037 1758 de
1061 1726 1158 1773 qua
1183 1709 1379 1759 Praesid.
1404 1726 1450 1759 n.
1473 1709 1535 1758 V.
