1950 3626
718 722 797 771 W.
855 719 1208 771 BAXTERI

436 905 879 962 JUDICIUM
931 905 1043 963 DE
1093 904 1498 959 HORATIO

898 1110 1035 1140 ATQUB

716 1266 880 1310 EJUS
916 1267 1229 1310 SCRIPTIS.

201 1471 276 1516 Dr,
295 1470 460 1514 Horatii
478 1479 602 1528 gente
621 1472 726 1516 nihil
746 1480 916 1526 constat,
939 1474 1017 1516 nisi
1036 1473 1157 1516 fuisse
1178 1487 1272 1515 eum
1294 1472 1401 1529 quod
1421 1479 1463 1514 et
1488 1472 1572 1528 ipse
1591 1469 1740 1527 prodit,

202 1546 408 1591 Libertini
425 1546 585 1603 generis
604 1554 647 1589 et
675 1547 805 1603 patria
823 1547 1107 1600 Venusinum3
1138 1545 1383 1589 crediderim
1414 1544 1540 1587 etiam
1560 1551 1602 1585 et
1619 1544 1743 1586 domo

204 1620 417 1674 Graecum,
437 1620 546 1677 quod
564 1635 761 1678 nusquam
783 1621 973 1664 Romano
1002 1635 1116 1665 more
1144 1620 1188 1663 in
1206 1620 1419 1663 Graeeulos
1437 1618 1639 1671 desaeviat,
1659 1619 1745 1660 imo

205 1694 449 1752 quandoque
468 1709 536 1738 eos
556 1694 771 1748 collaudet,
791 1703 833 1737 et
851 1697 916 1738 vel
936 1694 1133 1738 Romanis
1159 1693 1241 1736 suis
1260 1694 1469 1738 anteferat.
1529 1692 1598 1736 De
1616 1693 1744 1750 scrip-

204 1767 256 1810 tis
275 1767 361 1825 ejus
381 1768 731 1825 inpraesentiarum
761 1769 852 1812 haec
880 1770 1044 1813 habeto.
1101 1769 1260 1811 Omnes
1279 1767 1352 1825 qui
1371 1766 1503 1810 Musis
1522 1767 1639 1809 litare
1658 1774 1746 1808 stu-

119 1907 125 1912 .
205 1842 318 1895 dent,
335 1857 406 1885 sua
426 1843 550 1885 mella
569 1858 593 1886 e
621 1851 805 1886 veterum
835 1843 993 1901 scn‘ptis
1021 1857 1240 1901 excerpere
1260 1843 1422 1886 debent.
1482 1841 1604 1885 Maro
1622 1840 1747 1897 igitur

206 1923 249 1957 et
267 1915 440 1958 Flaccus
458 1926 606 1970 noster,
626 1917 697 1974 qui
716 1917 796 1960 hoc
826 1919 972 1972 fecere,
990 1933 1066 1975 pro
1083 1916 1243 1960 liberali
1259 1931 1335 1959 suo
1350 1915 1531 1974 ingenio,
1551 1916 1657 1957 furta
1676 1929 1749 1956 sua

205 1990 341 2048 palam
359 1991 528 2049 professi
547 1999 657 2046 sunt,
681 1991 781 2034 dum
801 1991 960 2034 imitata
978 2006 1051 2034 sua
1075 1998 1267 2049 poemata
1285 1991 1463 2048 Eclogas
1483 1989 1745 2048 inscripsere:

628 2100 728 2157 Ego
747 2099 842 2154 apis
859 2098 1038 2141 Matinae

724 2173 846 2215 More
863 2173 1060 2229 modoque

498 2248 635 2290 Grata
656 2248 858 2303 carpentis
877 2247 1016 2304 thyma
1030 2260 1108 2303 per
1129 2247 1307 2290 laborare

495 2321 742 2372 Plurimum,
757 2321 865 2362 circa
883 2335 1035 2375 nemus,
1058 2322 1248 2377 uvidique

498 2395 667 2438 szuris
683 2394 812 2449 ripas,
834 2407 1001 2449 operosa
1015 2407 1172 2449 parvus

727 2467 920 2510 Carmina
927 2467 1065 2524 fingo.

209 2574 935 2632 Aupehhcffimmemquodex
968 2589 1019 2617 eo
1041 2582 1229 2630 tempooe
1248 2571 1554 2630 quaevisboevia
1578 2585 1749 2628 poem,-

209 2649 280 2703 tia,
314 2655 479 2693 auctore
509 2650 659 2693 Vetere
690 2649 928 2705 Interprete,
962 2647 1136 2704 Eclogae
1165 2645 1418 2692 dicerentur:
1461 2661 1558 2690 cum
1587 2645 1749 2704 proprie

209 2724 369 2781 Ecloga
386 2725 622 2781 Ἀνθολογῖα
640 2723 704 2777 sit,
737 2722 820 2765 sive
849 2722 996 2764 florum
1026 2722 1220 2774 delectuS‚
1252 2720 1434 2778 pictusve
1453 2719 1680 2775 fasciculuz
1702 2727 1750 2765 ut

210 2799 277 2840 vel
296 2799 349 2842 ad
367 2798 621 2842 Tonantium
640 2796 842 2854 significat
859 2795 1125 2853 Apollinaris:

506 2906 685 2947 Vernaus
698 2917 776 2959 per
793 2903 899 2945 varii
918 2903 1108 2945 carminis
1127 2901 1312 2959 Eclogas

504 2980 723 3022 Verborum
739 2977 857 3021 violis
876 2976 1203 3020 multicoloribus.
