1950 3626
711 326 921 367 METRA
958 326 1330 366 HORATIANA.
1646 325 1744 364 xlvii

209 447 284 492 per
298 450 343 484 se
370 435 468 478 facit
493 435 700 480 canticum
725 437 779 481 ad
805 438 1020 481 Canidiam
1045 446 1088 479 et
1104 436 1389 488 Palinodiarn;
1420 434 1519 476 alibi
1537 434 1743 478 Trimeter

209 508 402 553 Dimetro
423 511 696 567 praemittitur,
715 512 848 569 Epod.
870 528 907 556 a.
933 521 967 557 l.
984 513 1037 555 ad
1060 519 1123 555 10.
1139 521 1210 554 aut
1223 511 1369 553 Heroo
1387 523 1512 566 purus
1531 509 1743 566 subjungi-

208 593 287 637 tur,
302 584 437 643 Epod.
463 591 527 628 16.
545 593 617 628 aut
642 586 819 643 denique
836 586 1112 643 ,praetenditur
1130 584 1361 628 Horatiano
1385 597 1458 625 seu
1476 582 1747 627 Archilochio

209 660 434 716 composito
452 675 504 716 ex
518 660 841 703 Penthemimeri
858 660 1077 718 Dactylico
1096 667 1139 702 et
1151 658 1336 702 [ambico
1354 656 1562 700 Dimetm.
1586 657 1744 713 ·Epod.

214 741 232 776 l
245 740 288 776 1.

270 813 334 850 12.
365 808 677 864 Asclepiadem
694 790 1068 865 lkdec'asyllabum
1081 826 1096 856 ,·
1131 808 1266 864 ipsum
1281 806 1531 850 cantilenam
1559 807 1744 850 absolvit.

207 880 261 924 L.
286 875 323 924 1}
351 882 405 925 Ο.
434 890 466 925 1.
528 882 780 939 Glyconium
795 882 1062 939 subsequitur.
1122 882 1175 925 L.
1202 890 1235 925 1.
1267 883 1320 925 O.
1345 890 1385 926 3.
1404 890 1485 925 etc.
1503 890 1620 925 terna
1637 898 1744 940 prae-

207 957 360 999 cedunt
375 956 640 1014 Glyconium.
697 957 750 999 L.
768 964 803 999 1.
832 957 884 999 0.
909 963 948 998 6.
968 965 1046 998 etc.
1066 956 1165 999 bina
1182 956 1260 998 sibi
1279 964 1504 1013 agg-regant
1520 957 1749 1000 Pherecra-

207 1031 313 1074 tium
332 1045 429 1073 cum
449 1030 665 1088 Glyconio.
695 1031 749 1073 L.
775 1038 811 1073 1.
840 1031 893 1072 O.
916 1036 955 1073 5.
976 1039 1018 1072 et
1035 1030 1194 1087 saepius,

270 1109 335 1148 18.
366 1104 616 1161 Sapphicum
643 1105 1042 1162 Hendecasyllabum
1056 1121 1070 1147 .·
1103 1105 1223 1148 unius
1241 1105 1413 1148 omnino
1439 1104 1582 1163 flgurae
1602 1113 1748 1164 quarto

208 1182 412 1224 clauditur
428 1182 615 1224 Adonio:
645 1182 807 1238 passim.

271 1266 335 1300 14.
363 1259 574 1300 Alcaicum
611 1258 1010 1314 Hendecasyllabum
1026 1273 1039 1300 :
1083 1244 1240 1313 ubique
1273 1256 1349 1298 sibi
1388 1270 1461 1312 par
1501 1263 1660 1297 constat
1693 1269 1744 1296 ex

206 1331 537 1374 Penthemimere
552 1333 736 1377 lambioa
755 1342 797 1375 et
814 1334 901 1375 basi
920 1333 1130 1389 dactylica.
1168 1333 1307 1375 Prima
1326 1332 1578 1375 combinatio
1597 1339 1657 1373 est
1673 1345 1743 1373 sex

205 1414 412 1463 septemve
451 1416 695 1464 temporum.
753 1408 862 1450 Bina
895 1408 1251 1463 Hendecasyllaba
1287 1407 1456 1449 ducunt.
1514 1405 1743 1448 Enneemi-

206 1479 329 1522 meris
346 1480 531 1522 Iambica
544 1481 737 1537 sequitur.

270 1559 334 1596 15.
363 1554 574 1596 Alcaicum
588 1554 907 1610 Decasyllabum
929 1553 1039 1610 cogit
1056 1567 1220 1610 agmen.
1268 1553 1394 1596 Hanc
1414 1553 1606 1596 carminis
1627 1568 1743 1596 com-

204 1628 439 1685 plexionem
460 1628 655 1671 Horatius
675 1628 861 1684 inprimis
881 1628 1112 1670 celebravit.

266 1709 329 1746 16.
362 1703 619 1745 Phalaecium
637 1703 958 1758 Autispasticum
983 1702 1292 1744 Tetrametrum.
1335 1700 1458 1743 Ratio
1476 1715 1550 1742 cur
1566 1699 1648 1742 hoc
1669 1714 1743 1742 no·

203 1775 316 1818 mine
335 1775 577 1833 insigniatur
594 1785 655 1819 est
673 1791 725 1819 ex
744 1776 924 1819 canone.
982 1775 1184 1832 Epio-itus
1199 1780 1241 1817 4.
1269 1774 1489 1831 Antispast.
1521 1773 1742 1831 Antispast.

200 1848 430 1894 Diiambus.
491 1851 578 1894 Nos
596 1859 734 1894 autem
755 1851 798 1894 id
816 1851 975 1907 agimus
995 1858 1054 1903 ut,
1073 1850 1184 1907 quod
1202 1849 1291 1891 fieri
1309 1855 1454 1906 potest,
1486 1848 1593 1890 intra
1610 1848 1743 1905 trisyl-

200 1923 312 1965 labos
329 1924 453 1980 pedoe
471 1924 758 1977 subsistamus3
778 1939 902 1982 quare
921 1939 1080 1967 versum
1100 1923 1534 1979 heccaedecaxyllabum
1551 1937 1625 1979 per
1644 1922 1742 1965 duas

201 1995 384 2039 Caaeuras
402 1997 734 2040 Penthemimere
765 2006 807 2040 et
836 1996 1109 2040 Triemimere
1141 1997 1359 2054 carpimus
1390 1997 1522 2040 donec
1552 1998 1596 2040 'm
1614 1997 1742 2040 Basin

200 2069 461 2128 Dactylicam
482 2072 719 2129 deponatur.
775 2072 869 2116 Lib.
900 2079 935 2114 1.
955 2072 1035 2115 Od.
1065 2080 1127 2115 ιι.
1149 2071 1201 2114 L.
1222 2079 1262 2115 4.
1283 2072 1336 2113 Ο.
1362 2079 1427 2114 ιο.

263 2151 327 2188 17.
358 2146 569 2188 Alcaicum
615 2148 681 2189 vel
728 2147 1051 2189 Anacreontium
1101 2144 1337 2188 Dimetmm
1384 2145 1742 2202 Heptasyllabum.

200 2218 487 2276 Quodcunque
502 2228 679 2262 metrum
700 2228 857 2263 constat
876 2235 928 2262 ex
946 2219 1131 2277 Dactylis
1150 2228 1192 2261 et
1209 2219 1434 2271 Tmehaess,
1450 2219 1742 2274 Logaoedumn,

200 2291 243 2333 id
271 2300 332 2333 oet
358 2292 659 2335 Prosometrum
685 2295 934 2350 appellatur;
964 2309 1015 2336 eo
1042 2293 1215 2336 fortassis
1234 2293 1344 2349 quod
1361 2292 1532 2335 Asiatici
1552 2293 1743 2335 Oratores

199 2366 339 2407 orbem
357 2366 571 2408 verborum
588 2367 813 2409 ditrochaeo
832 2367 1007 2409 libenter
1026 2367 1293 2409 claudebant:
1314 2366 1411 2408 alias
1427 2381 1478 2407 ex
1492 2366 1742 2408 Choriambo

200 2447 242 2480 et
262 2439 458 2481 Bacchio.
487 2440 583 2483 Lib.
610 2450 644 2483 l.
664 2442 716 2484 Ο.
741 2449 780 2484 8.

263 2518 327 2556 18.
359 2513 608 2569 Sapphicum
639 2515 1016 2570 Hephthemimeres
1047 2529 1143 2556 cum
1177 2513 1430 2570 supraposito
1458 2514 1626 2556 Alcaico
1655 2513 1744 2556 Di-

196 2593 337 2629 metro.
395 2588 589 2644 Superior
606 2604 741 2632 versus
772 2604 869 2632 cum
902 2590 981 2631 hoc
1008 2589 1067 2631 sic
1098 2586 1360 2644 conjungitur
1377 2588 1486 2644 apud
1504 2588 1741 2631 Horatium.

198 2662 343 2705 Verior
370 2663 568 2706 metiendi
596 2664 698 2706 ratio
729 2675 789 2706 est
815 2678 888 2720 per
904 2662 1146 2720 Epitritum,
1165 2663 1230 2703 vel
1261 2661 1468 2718 Hippium
1498 2663 1739 2715 secundum,

192 2738 292 2780 duos
324 2737 593 2780 Choriambos
626 2746 669 2779 et
699 2738 943 2780 Bacchium.
1001 2736 1214 2778 Alcaicum
1245 2736 1741 2796 Pentecaedecasyllaqu

194 2812 356 2856 dicitur.
413 2813 465 2855 L.
495 2820 530 2855 1.
551 2813 603 2855 Ο.
628 2817 666 2854 8.

257 2895 322 2931 19.
342 2889 523 2930 Ionicum
535 2902 563 2929 α
576 2886 721 2928 mirwri
739 2885 1063 2941 Trirrhythnmm
1076 2883 1359 2926 Acatalectum
1366 2902 1382 2932 ‚·
1401 2882 1509 2926 binis
1521 2884 1735 2942 trirrhyth-

192 2961 273 3004 mis
290 2961 547 3019 subjungitur
564 2960 935 3017 tetrarrhythmum.
995 2958 1047 3000 L.
1076 2966 1114 3001 3.
1135 2958 1189 3000 Ο.
1215 2965 1280 3002 12.
