<?xml version="1.0" encoding="UTF-8"?>
<!DOCTYPE html PUBLIC "-//W3C//DTD XHTML 1.0 Transitional//EN"
    "http://www.w3.org/TR/xhtml1/DTD/xhtml1-transitional.dtd">
<html xmlns="http://www.w3.org/1999/xhtml" xml:lang="en" lang="en">
 <head>
  <title>
</title>
<meta http-equiv="Content-Type" content="text/html;charset=utf-8" />
  <meta name='ocr-system' content='tesseract 3.04.00' />
  <meta name='ocr-capabilities' content='ocr_page ocr_carea ocr_par ocr_line ocrx_word'/>
</head>
<body>
  <div class='ocr_page' id='page_1' title='image "./eclogaeho00horauoft_0011.png"; bbox 0 0 1950 3626; ppageno 0'>
   <div class='ocr_carea' id='block_1_1' title="bbox 695 756 1324 813">
    <p class='ocr_par' dir='ltr' id='par_1_1' title="bbox 695 756 1324 813">
     <span class='ocr_line' id='line_1_1' title="bbox 695 756 1324 813; baseline 0 -1"><span class='ocrx_word' id='word_1_1' title='bbox 695 757 746 812; x_wconf 86' lang='lat' dir='ltr'><strong>J.</strong></span> <span class='ocrx_word' id='word_1_2' title='bbox 801 756 883 812; x_wconf 92' lang='lat' dir='ltr'><strong>M.</strong></span> <span class='ocrx_word' id='word_1_3' title='bbox 936 756 1324 813; x_wconf 89' lang='lat' dir='ltr'><strong>GESNERI</strong></span> 
     </span>
    </p>
   </div>
   <div class='ocr_carea' id='block_1_2' title="bbox 831 966 1196 1012">
    <p class='ocr_par' dir='ltr' id='par_1_2' title="bbox 831 966 1196 1012">
     <span class='ocr_line' id='line_1_2' title="bbox 831 966 1196 1012; baseline -0.003 -1"><span class='ocrx_word' id='word_1_4' title='bbox 831 966 1196 1012; x_wconf 86' lang='lat' dir='ltr'>PRAEFATIO.</span> 
     </span>
    </p>
   </div>
   <div class='ocr_carea' id='block_1_3' title="bbox 208 1216 1786 3062">
    <p class='ocr_par' dir='ltr' id='par_1_3' title="bbox 240 1216 1784 1615">
     <span class='ocr_line' id='line_1_3' title="bbox 246 1216 1784 1286; baseline 0.001 -21"><span class='ocrx_word' id='word_1_5' title='bbox 246 1216 408 1266; x_wconf 64' lang='lat' dir='ltr'><strong>ADEo‘</strong></span> <span class='ocrx_word' id='word_1_6' title='bbox 439 1220 503 1266; x_wconf 85' lang='lat' dir='ltr'><strong>ab</strong></span> <span class='ocrx_word' id='word_1_7' title='bbox 533 1219 751 1268; x_wconf 89' lang='lat' dir='ltr'><strong>omnibus</strong></span> <span class='ocrx_word' id='word_1_8' title='bbox 781 1219 892 1269; x_wconf 91' lang='lat' dir='ltr'><strong>inde</strong></span> <span class='ocrx_word' id='word_1_9' title='bbox 924 1220 1109 1269; x_wconf 84' lang='lat' dir='ltr'><strong>saeculis</strong></span> <span class='ocrx_word' id='word_1_10' title='bbox 1137 1226 1410 1286; x_wconf 83' lang='lat' dir='ltr'>sategerunt</span> <span class='ocrx_word' id='word_1_11' title='bbox 1437 1218 1564 1268; x_wconf 84' lang='lat' dir='ltr'><strong>circa</strong></span> <span class='ocrx_word' id='word_1_12' title='bbox 1595 1216 1784 1267; x_wconf 86' lang='lat' dir='ltr'>Horatii</span> 
     </span>
     <span class='ocr_line' id='line_1_4' title="bbox 246 1299 1783 1370; baseline 0.001 -21"><span class='ocrx_word' id='word_1_13' title='bbox 246 1299 406 1350; x_wconf 89' lang='lat' dir='ltr'><strong>Flacci</strong></span> <span class='ocrx_word' id='word_1_14' title='bbox 421 1301 626 1370; x_wconf 87' lang='lat' dir='ltr'><strong>Eclogas</strong></span> <span class='ocrx_word' id='word_1_15' title='bbox 640 1303 856 1362; x_wconf 85' lang='lat' dir='ltr'><strong>Librarii‚</strong></span> <span class='ocrx_word' id='word_1_16' title='bbox 878 1303 1181 1369; x_wconf 88' lang='lat' dir='ltr'><strong>Interpretes‚</strong></span> <span class='ocrx_word' id='word_1_17' title='bbox 1198 1303 1379 1364; x_wconf 87' lang='lat' dir='ltr'><strong>Critici,</strong></span> <span class='ocrx_word' id='word_1_18' title='bbox 1399 1312 1454 1352; x_wconf 87' lang='lat' dir='ltr'><strong>ut</strong></span> <span class='ocrx_word' id='word_1_19' title='bbox 1472 1301 1622 1367; x_wconf 86' lang='lat' dir='ltr'><strong>possit</strong></span> <span class='ocrx_word' id='word_1_20' title='bbox 1637 1303 1783 1351; x_wconf 88' lang='lat' dir='ltr'><strong>homo</strong></span> 
     </span>
     <span class='ocr_line' id='line_1_5' title="bbox 243 1384 1783 1451; baseline 0.003 -19"><span class='ocrx_word' id='word_1_21' title='bbox 243 1384 453 1450; x_wconf 86' lang='lat' dir='ltr'><strong>diligens,</strong></span> <span class='ocrx_word' id='word_1_22' title='bbox 473 1387 550 1434; x_wconf 91' lang='lat' dir='ltr'><strong>cui</strong></span> <span class='ocrx_word' id='word_1_23' title='bbox 573 1387 877 1435; x_wconf 86' lang='lat' dir='ltr'><strong>Bibliothecae</strong></span> <span class='ocrx_word' id='word_1_24' title='bbox 902 1397 1110 1451; x_wconf 84' lang='lat' dir='ltr'><strong>pateant,</strong></span> <span class='ocrx_word' id='word_1_25' title='bbox 1137 1389 1275 1437; x_wconf 87' lang='lat' dir='ltr'><strong>facile</strong></span> <span class='ocrx_word' id='word_1_26' title='bbox 1297 1388 1479 1437; x_wconf 85' lang='lat' dir='ltr'><strong>librum</strong></span> <span class='ocrx_word' id='word_1_27' title='bbox 1494 1387 1783 1437; x_wconf 84' lang='lat' dir='ltr'><strong>mediocrem</strong></span> 
     </span>
     <span class='ocr_line' id='line_1_6' title="bbox 240 1468 1783 1535; baseline 0.004 -22"><span class='ocrx_word' id='word_1_28' title='bbox 240 1468 318 1517; x_wconf 77' lang='lat' dir='ltr'><strong>vel</strong></span> <span class='ocrx_word' id='word_1_29' title='bbox 364 1469 469 1517; x_wconf 87' lang='lat' dir='ltr'><strong>sola</strong></span> <span class='ocrx_word' id='word_1_30' title='bbox 511 1470 652 1535; x_wconf 89' lang='lat' dir='ltr'><strong>hujus</strong></span> <span class='ocrx_word' id='word_1_31' title='bbox 699 1470 863 1520; x_wconf 89' lang='lat' dir='ltr'><strong>Poetae</strong></span> <span class='ocrx_word' id='word_1_32' title='bbox 902 1471 1169 1520; x_wconf 84' lang='lat' dir='ltr'><strong>enarranda</strong></span> <span class='ocrx_word' id='word_1_33' title='bbox 1210 1471 1409 1520; x_wconf 85' lang='lat' dir='ltr'><strong>historia</strong></span> <span class='ocrx_word' id='word_1_34' title='bbox 1446 1471 1652 1520; x_wconf 82' lang='lat' dir='ltr'><strong>literaria</strong></span> <span class='ocrx_word' id='word_1_35' title='bbox 1694 1471 1783 1519; x_wconf 91' lang='lat' dir='ltr'><strong>im-</strong></span> 
     </span>
     <span class='ocr_line' id='line_1_7' title="bbox 242 1552 387 1615; baseline 0.014 -16"><span class='ocrx_word' id='word_1_36' title='bbox 242 1552 387 1615; x_wconf 90' lang='lat' dir='ltr'><strong>plere.</strong></span> 
     </span>
    </p>

    <p class='ocr_par' dir='ltr' id='par_1_4' title="bbox 240 1637 1786 2110">
     <span class='ocr_line' id='line_1_8' title="bbox 311 1637 1786 1705; baseline -0.001 -18"><span class='ocrx_word' id='word_1_37' title='bbox 311 1637 378 1687; x_wconf 87' lang='lat' dir='ltr'><strong>Et</strong></span> <span class='ocrx_word' id='word_1_38' title='bbox 393 1639 714 1704; x_wconf 84' lang='lat' dir='ltr'><strong>tamen‚.quod</strong></span> <span class='ocrx_word' id='word_1_39' title='bbox 733 1640 834 1689; x_wconf 88' lang='lat' dir='ltr'><strong>sine</strong></span> <span class='ocrx_word' id='word_1_40' title='bbox 852 1639 1025 1705; x_wconf 78' lang='lat' dir='ltr'><strong>injuria</strong></span> <span class='ocrx_word' id='word_1_41' title='bbox 1041 1640 1323 1704; x_wconf 84' lang='lat' dir='ltr'><strong>cujusquam</strong></span> <span class='ocrx_word' id='word_1_42' title='bbox 1342 1638 1543 1687; x_wconf 88' lang='lat' dir='ltr'><strong>hominis</strong></span> <span class='ocrx_word' id='word_1_43' title='bbox 1562 1637 1786 1702; x_wconf 89' lang='lat' dir='ltr'><strong>simplici-</strong></span> 
     </span>
     <span class='ocr_line' id='line_1_9' title="bbox 242 1723 1783 1787; baseline 0.001 -15"><span class='ocrx_word' id='word_1_44' title='bbox 242 1732 410 1787; x_wconf 84' lang='lat' dir='ltr'><strong>terque</strong></span> <span class='ocrx_word' id='word_1_45' title='bbox 440 1723 620 1772; x_wconf 89' lang='lat' dir='ltr'><strong>dictum</strong></span> <span class='ocrx_word' id='word_1_46' title='bbox 650 1724 884 1784; x_wconf 85' lang='lat' dir='ltr'><strong>volumus,</strong></span> <span class='ocrx_word' id='word_1_47' title='bbox 919 1723 1215 1772; x_wconf 79' lang='lat' dir='ltr'><strong>desideratur</strong></span> <span class='ocrx_word' id='word_1_48' title='bbox 1247 1740 1277 1771; x_wconf 87' lang='lat' dir='ltr'>a</span> <span class='ocrx_word' id='word_1_49' title='bbox 1315 1723 1474 1772; x_wconf 91' lang='lat' dir='ltr'><strong>multis</strong></span> <span class='ocrx_word' id='word_1_50' title='bbox 1504 1723 1613 1772; x_wconf 90' lang='lat' dir='ltr'><strong>inde</strong></span> <span class='ocrx_word' id='word_1_51' title='bbox 1648 1723 1783 1774; x_wconf 82' lang='lat' dir='ltr'><strong>annis</strong></span> 
     </span>
     <span class='ocr_line' id='line_1_10' title="bbox 241 1807 1784 1872; baseline 0.001 -16"><span class='ocrx_word' id='word_1_52' title='bbox 241 1807 385 1856; x_wconf 88' lang='lat' dir='ltr'><strong>editio</strong></span> <span class='ocrx_word' id='word_1_53' title='bbox 407 1825 516 1872; x_wconf 82' lang='lat' dir='ltr'><strong>quae</strong></span> <span class='ocrx_word' id='word_1_54' title='bbox 541 1808 747 1872; x_wconf 91' lang='lat' dir='ltr'><strong>primum</strong></span> <span class='ocrx_word' id='word_1_55' title='bbox 769 1810 915 1857; x_wconf 83' lang='lat' dir='ltr'><strong>verba</strong></span> <span class='ocrx_word' id='word_1_56' title='bbox 935 1807 1177 1867; x_wconf 87' lang='lat' dir='ltr'><strong>Auctoris,</strong></span> <span class='ocrx_word' id='word_1_57' title='bbox 1203 1816 1437 1871; x_wconf 86' lang='lat' dir='ltr'><strong>quantum</strong></span> <span class='ocrx_word' id='word_1_58' title='bbox 1469 1807 1784 1871; x_wconf 70' lang='lat' dir='ltr'><strong>potest‚·inte-</strong></span> 
     </span>
     <span class='ocr_line' id='line_1_11' title="bbox 240 1891 1784 1958; baseline 0 -17"><span class='ocrx_word' id='word_1_59' title='bbox 240 1908 327 1958; x_wconf 83' lang='lat' dir='ltr'><strong>gra</strong></span> <span class='ocrx_word' id='word_1_60' title='bbox 348 1900 492 1957; x_wconf 87' lang='lat' dir='ltr'><strong>atque</strong></span> <span class='ocrx_word' id='word_1_61' title='bbox 513 1893 767 1942; x_wconf 84' lang='lat' dir='ltr'><strong>emendata</strong></span> <span class='ocrx_word' id='word_1_62' title='bbox 795 1901 1115 1958; x_wconf 69' lang='lat' dir='ltr'><strong>repraesentet,</strong></span> <span class='ocrx_word' id='word_1_63' title='bbox 1139 1908 1298 1956; x_wconf 85' lang='lat' dir='ltr'><strong>neque</strong></span> <span class='ocrx_word' id='word_1_64' title='bbox 1327 1891 1582 1957; x_wconf 87' lang='lat' dir='ltr'><strong>superioris</strong></span> <span class='ocrx_word' id='word_1_65' title='bbox 1614 1893 1784 1941; x_wconf 86' lang='lat' dir='ltr'><strong>barba-</strong></span> 
     </span>
     <span class='ocr_line' id='line_1_12' title="bbox 241 1975 1784 2042; baseline 0.001 -18"><span class='ocrx_word' id='word_1_66' title='bbox 241 1975 325 2025; x_wconf 88' lang='lat' dir='ltr'><strong>riei</strong></span> <span class='ocrx_word' id='word_1_67' title='bbox 345 1976 466 2026; x_wconf 87' lang='lat' dir='ltr'><strong>vitiis</strong></span> <span class='ocrx_word' id='word_1_68' title='bbox 491 1977 696 2038; x_wconf 84' lang='lat' dir='ltr'><strong>horrida,</strong></span> <span class='ocrx_word' id='word_1_69' title='bbox 723 1994 880 2042; x_wconf 90' lang='lat' dir='ltr'><strong>neque</strong></span> <span class='ocrx_word' id='word_1_70' title='bbox 903 1978 1072 2027; x_wconf 79' lang='lat' dir='ltr'><strong>eadem</strong></span> <span class='ocrx_word' id='word_1_71' title='bbox 1106 1986 1333 2041; x_wconf 80' lang='lat' dir='ltr'><strong>corrupta</strong></span> <span class='ocrx_word' id='word_1_72' title='bbox 1355 1986 1404 2026; x_wconf 90' lang='lat' dir='ltr'><strong>et</strong></span> <span class='ocrx_word' id='word_1_73' title='bbox 1432 1976 1720 2042; x_wconf 83' lang='lat' dir='ltr'><strong>interpolata</strong></span> <span class='ocrx_word' id='word_1_74' title='bbox 1753 1994 1784 2026; x_wconf 89' lang='lat' dir='ltr'><strong>a</strong></span> 
     </span>
     <span class='ocr_line' id='line_1_13' title="bbox 240 2058 446 2110; baseline 0 0"><span class='ocrx_word' id='word_1_75' title='bbox 240 2058 446 2110; x_wconf 72' lang='lat' dir='ltr'><strong>Criti‘cis.</strong></span> 
     </span>
    </p>

    <p class='ocr_par' dir='ltr' id='par_1_5' title="bbox 208 2144 1784 2967">
     <span class='ocr_line' id='line_1_14' title="bbox 307 2144 1784 2211; baseline -0.001 -17"><span class='ocrx_word' id='word_1_76' title='bbox 307 2145 457 2202; x_wconf 84' lang='lat' dir='ltr'><strong>Quod</strong></span> <span class='ocrx_word' id='word_1_77' title='bbox 483 2154 536 2195; x_wconf 92' lang='lat' dir='ltr'><strong>ut</strong></span> <span class='ocrx_word' id='word_1_78' title='bbox 557 2145 764 2210; x_wconf 82' lang='lat' dir='ltr'><strong>judicari</strong></span> <span class='ocrx_word' id='word_1_79' title='bbox 789 2145 957 2195; x_wconf 89' lang='lat' dir='ltr'><strong>melius</strong></span> <span class='ocrx_word' id='word_1_80' title='bbox 981 2145 1144 2211; x_wconf 82' lang='lat' dir='ltr'><strong>possit,</strong></span> <span class='ocrx_word' id='word_1_81' title='bbox 1172 2145 1313 2211; x_wconf 86' lang='lat' dir='ltr'><strong>adjici</strong></span> <span class='ocrx_word' id='word_1_82' title='bbox 1334 2147 1560 2210; x_wconf 85' lang='lat' dir='ltr'><strong>optabam</strong></span> <span class='ocrx_word' id='word_1_83' title='bbox 1582 2144 1784 2193; x_wconf 84' lang='lat' dir='ltr'><strong>varieta-</strong></span> 
     </span>
     <span class='ocr_line' id='line_1_15' title="bbox 239 2229 1782 2294; baseline 0 -17"><span class='ocrx_word' id='word_1_84' title='bbox 239 2237 337 2277; x_wconf 87' lang='lat' dir='ltr'><strong>tem</strong></span> <span class='ocrx_word' id='word_1_85' title='bbox 363 2229 594 2290; x_wconf 89' lang='lat' dir='ltr'><strong>lectionis,</strong></span> <span class='ocrx_word' id='word_1_86' title='bbox 611 2230 710 2279; x_wconf 90' lang='lat' dir='ltr'><strong>sive</strong></span> <span class='ocrx_word' id='word_1_87' title='bbox 734 2232 795 2279; x_wconf 83' lang='lat' dir='ltr'><strong>ab</strong></span> <span class='ocrx_word' id='word_1_88' title='bbox 819 2230 1024 2294; x_wconf 85' lang='lat' dir='ltr'><strong>antiquis</strong></span> <span class='ocrx_word' id='word_1_89' title='bbox 1045 2230 1244 2279; x_wconf 80' lang='lat' dir='ltr'><strong>librariis</strong></span> <span class='ocrx_word' id='word_1_90' title='bbox 1262 2247 1322 2279; x_wconf 86' lang='lat' dir='ltr'><strong>ea</strong></span> <span class='ocrx_word' id='word_1_91' title='bbox 1344 2230 1558 2294; x_wconf 77' lang='lat' dir='ltr'><strong>profecta</strong></span> <span class='ocrx_word' id='word_1_92' title='bbox 1582 2229 1657 2289; x_wconf 85' lang='lat' dir='ltr'><strong>sit,</strong></span> <span class='ocrx_word' id='word_1_93' title='bbox 1684 2229 1782 2278; x_wconf 89' lang='lat' dir='ltr'><strong>sive</strong></span> 
     </span>
     <span class='ocr_line' id='line_1_16' title="bbox 234 2311 1781 2381; baseline 0 -21"><span class='ocrx_word' id='word_1_94' title='bbox 234 2311 270 2360; x_wconf 72' lang='lat'><strong>{2</strong></span> <span class='ocrx_word' id='word_1_95' title='bbox 285 2312 600 2362; x_wconf 85' lang='lat' dir='ltr'><strong>recentiorum</strong></span> <span class='ocrx_word' id='word_1_96' title='bbox 623 2314 866 2362; x_wconf 88' lang='lat' dir='ltr'><strong>hominum</strong></span> <span class='ocrx_word' id='word_1_97' title='bbox 887 2314 1075 2363; x_wconf 87' lang='lat' dir='ltr'><strong>invecta</strong></span> <span class='ocrx_word' id='word_1_98' title='bbox 1097 2314 1308 2381; x_wconf 81' lang='lat' dir='ltr'><strong>ingeniis,</strong></span> <span class='ocrx_word' id='word_1_99' title='bbox 1326 2331 1420 2363; x_wconf 90' lang='lat' dir='ltr'><strong>non</strong></span> <span class='ocrx_word' id='word_1_100' title='bbox 1443 2330 1635 2363; x_wconf 89' lang='lat' dir='ltr'><strong>omnem</strong></span> <span class='ocrx_word' id='word_1_101' title='bbox 1652 2313 1781 2360; x_wconf 87' lang='lat' dir='ltr'><strong>illam</strong></span> 
     </span>
     <span class='ocr_line' id='line_1_17' title="bbox 241 2395 1783 2462; baseline 0.001 -18"><span class='ocrx_word' id='word_1_102' title='bbox 241 2395 449 2460; x_wconf 93' lang='lat' dir='ltr'><strong>quidem,</strong></span> <span class='ocrx_word' id='word_1_103' title='bbox 476 2397 605 2461; x_wconf 93' lang='lat' dir='ltr'><strong>quod</strong></span> <span class='ocrx_word' id='word_1_104' title='bbox 629 2397 863 2446; x_wconf 89' lang='lat' dir='ltr'><strong>infinitum</strong></span> <span class='ocrx_word' id='word_1_105' title='bbox 888 2406 974 2458; x_wconf 89' lang='lat' dir='ltr'><strong>est,</strong></span> <span class='ocrx_word' id='word_1_106' title='bbox 1000 2407 1049 2447; x_wconf 89' lang='lat' dir='ltr'><strong>et</strong></span> <span class='ocrx_word' id='word_1_107' title='bbox 1070 2398 1118 2446; x_wconf 93' lang='lat' dir='ltr'><strong>in</strong></span> <span class='ocrx_word' id='word_1_108' title='bbox 1135 2398 1271 2458; x_wconf 88' lang='lat' dir='ltr'><strong>libro,</strong></span> <span class='ocrx_word' id='word_1_109' title='bbox 1296 2399 1488 2462; x_wconf 80' lang='lat' dir='ltr'><strong>qualem</strong></span> <span class='ocrx_word' id='word_1_110' title='bbox 1511 2398 1586 2446; x_wconf 91' lang='lat' dir='ltr'><strong>hic</strong></span> <span class='ocrx_word' id='word_1_111' title='bbox 1606 2396 1783 2446; x_wconf 88' lang='lat' dir='ltr'><strong>descri-</strong></span> 
     </span>
     <span class='ocr_line' id='line_1_18' title="bbox 238 2479 1781 2545; baseline 0 -17"><span class='ocrx_word' id='word_1_112' title='bbox 238 2479 407 2540; x_wconf 88' lang='lat' dir='ltr'><strong>bimus,</strong></span> <span class='ocrx_word' id='word_1_113' title='bbox 448 2497 545 2530; x_wconf 90' lang='lat' dir='ltr'><strong>non</strong></span> <span class='ocrx_word' id='word_1_114' title='bbox 581 2482 931 2542; x_wconf 80' lang='lat' dir='ltr'><strong>necessarium;</strong></span> <span class='ocrx_word' id='word_1_115' title='bbox 968 2482 1051 2530; x_wconf 88' lang='lat' dir='ltr'><strong>sed</strong></span> <span class='ocrx_word' id='word_1_116' title='bbox 1088 2498 1209 2542; x_wconf 82' lang='lat' dir='ltr'><strong>eam,</strong></span> <span class='ocrx_word' id='word_1_117' title='bbox 1248 2499 1357 2545; x_wconf 89' lang='lat' dir='ltr'><strong>quae</strong></span> <span class='ocrx_word' id='word_1_118' title='bbox 1396 2482 1471 2530; x_wconf 89' lang='lat' dir='ltr'><strong>vel</strong></span> <span class='ocrx_word' id='word_1_119' title='bbox 1502 2480 1781 2530; x_wconf 85' lang='lat' dir='ltr'><strong>sententiam</strong></span> 
     </span>
     <span class='ocr_line' id='line_1_19' title="bbox 208 2563 1781 2631; baseline 0.001 -18"><span class='ocrx_word' id='word_1_120' title='bbox 208 2564 212 2565; x_wconf 44' lang='lat'><em>⁷</em></span> <span class='ocrx_word' id='word_1_121' title='bbox 240 2563 420 2625; x_wconf 89' lang='lat' dir='ltr'><strong>Poetae‚</strong></span> <span class='ocrx_word' id='word_1_122' title='bbox 435 2566 511 2614; x_wconf 89' lang='lat' dir='ltr'><strong>vel</strong></span> <span class='ocrx_word' id='word_1_123' title='bbox 528 2575 733 2614; x_wconf 89' lang='lat' dir='ltr'><strong>veterem</strong></span> <span class='ocrx_word' id='word_1_124' title='bbox 751 2565 1156 2631; x_wconf 83' lang='lat' dir='ltr'><strong>Orthographiam</strong></span> <span class='ocrx_word' id='word_1_125' title='bbox 1177 2575 1341 2625; x_wconf 87' lang='lat' dir='ltr'><strong>mutet,</strong></span> <span class='ocrx_word' id='word_1_126' title='bbox 1362 2566 1436 2613; x_wconf 90' lang='lat' dir='ltr'><strong>vel</strong></span> <span class='ocrx_word' id='word_1_127' title='bbox 1452 2564 1581 2613; x_wconf 86' lang='lat' dir='ltr'><strong>aliud</strong></span> <span class='ocrx_word' id='word_1_128' title='bbox 1601 2581 1781 2614; x_wconf 90' lang='lat' dir='ltr'><strong>memo·</strong></span> 
     </span>
     <span class='ocr_line' id='line_1_20' title="bbox 238 2648 1780 2718; baseline 0.001 -22"><span class='ocrx_word' id='word_1_129' title='bbox 238 2648 389 2697; x_wconf 82' lang='lat' dir='ltr'><strong>rabile</strong></span> <span class='ocrx_word' id='word_1_130' title='bbox 413 2650 601 2709; x_wconf 83' lang='lat' dir='ltr'><strong>habeat,</strong></span> <span class='ocrx_word' id='word_1_131' title='bbox 627 2650 757 2714; x_wconf 92' lang='lat' dir='ltr'><strong>quod</strong></span> <span class='ocrx_word' id='word_1_132' title='bbox 781 2667 876 2699; x_wconf 90' lang='lat' dir='ltr'><strong>non</strong></span> <span class='ocrx_word' id='word_1_133' title='bbox 905 2650 1119 2718; x_wconf 83' lang='lat' dir='ltr'><strong>ignorare</strong></span> <span class='ocrx_word' id='word_1_134' title='bbox 1140 2650 1252 2699; x_wconf 89' lang='lat' dir='ltr'><strong>velit</strong></span> <span class='ocrx_word' id='word_1_135' title='bbox 1282 2649 1451 2713; x_wconf 83' lang='lat' dir='ltr'><strong>aliquis</strong></span> <span class='ocrx_word' id='word_1_136' title='bbox 1481 2649 1780 2698; x_wconf 83' lang='lat' dir='ltr'><strong>mediocriter</strong></span> 
     </span>
     <span class='ocr_line' id='line_1_21' title="bbox 236 2732 1779 2800; baseline -0.001 -16"><span class='ocrx_word' id='word_1_137' title='bbox 236 2732 407 2784; x_wconf 88' lang='lat' dir='ltr'><strong>horum</strong></span> <span class='ocrx_word' id='word_1_138' title='bbox 434 2734 695 2783; x_wconf 83' lang='lat' dir='ltr'><strong>studiorum</strong></span> <span class='ocrx_word' id='word_1_139' title='bbox 719 2735 948 2784; x_wconf 87' lang='lat' dir='ltr'><strong>curiosus.</strong></span> <span class='ocrx_word' id='word_1_140' title='bbox 1022 2736 1158 2785; x_wconf 86' lang='lat' dir='ltr'><strong>Nam</strong></span> <span class='ocrx_word' id='word_1_141' title='bbox 1181 2736 1263 2800; x_wconf 90' lang='lat' dir='ltr'><strong>qui</strong></span> <span class='ocrx_word' id='word_1_142' title='bbox 1290 2736 1429 2799; x_wconf 85' lang='lat' dir='ltr'><strong>plane</strong></span> <span class='ocrx_word' id='word_1_143' title='bbox 1460 2751 1512 2784; x_wconf 84' lang='lat' dir='ltr'><strong>se</strong></span> <span class='ocrx_word' id='word_1_144' title='bbox 1533 2734 1623 2783; x_wconf 89' lang='lat' dir='ltr'><strong>illis</strong></span> <span class='ocrx_word' id='word_1_145' title='bbox 1646 2734 1779 2783; x_wconf 88' lang='lat' dir='ltr'><strong>dedi·</strong></span> 
     </span>
     <span class='ocr_line' id='line_1_22' title="bbox 236 2818 1778 2887; baseline 0.001 -22"><span class='ocrx_word' id='word_1_146' title='bbox 236 2818 364 2877; x_wconf 89' lang='lat' dir='ltr'><strong>dere,</strong></span> <span class='ocrx_word' id='word_1_147' title='bbox 391 2818 462 2867; x_wconf 87' lang='lat' dir='ltr'><strong>his</strong></span> <span class='ocrx_word' id='word_1_148' title='bbox 484 2818 599 2867; x_wconf 90' lang='lat' dir='ltr'><strong>nihil</strong></span> <span class='ocrx_word' id='word_1_149' title='bbox 621 2820 816 2868; x_wconf 89' lang='lat' dir='ltr'><strong>nimium</strong></span> <span class='ocrx_word' id='word_1_150' title='bbox 841 2829 927 2869; x_wconf 87' lang='lat' dir='ltr'><strong>est.</strong></span> <span class='ocrx_word' id='word_1_151' title='bbox 1002 2820 1112 2870; x_wconf 92' lang='lat' dir='ltr'><strong>Hoc</strong></span> <span class='ocrx_word' id='word_1_152' title='bbox 1130 2820 1270 2887; x_wconf 83' lang='lat' dir='ltr'><strong>igitur</strong></span> <span class='ocrx_word' id='word_1_153' title='bbox 1292 2821 1495 2868; x_wconf 85' lang='lat' dir='ltr'><strong>alterum</strong></span> <span class='ocrx_word' id='word_1_154' title='bbox 1511 2828 1628 2880; x_wconf 87' lang='lat' dir='ltr'><strong>erat,</strong></span> <span class='ocrx_word' id='word_1_155' title='bbox 1647 2819 1778 2883; x_wconf 91' lang='lat' dir='ltr'><strong>quod</strong></span> 
     </span>
     <span class='ocr_line' id='line_1_23' title="bbox 233 2902 551 2967; baseline 0.003 -17"><span class='ocrx_word' id='word_1_156' title='bbox 233 2902 551 2967; x_wconf 81' lang='lat' dir='ltr'><strong>requirebam.</strong></span> 
     </span>
    </p>

    <p class='ocr_par' dir='ltr' id='par_1_6' title="bbox 305 2986 1775 3062">
     <span class='ocr_line' id='line_1_24' title="bbox 305 2986 1775 3062; baseline 0.001 -27"><span class='ocrx_word' id='word_1_157' title='bbox 305 2986 531 3050; x_wconf 89' lang='lat' dir='ltr'><strong>Denique</strong></span> <span class='ocrx_word' id='word_1_158' title='bbox 554 3004 663 3036; x_wconf 91' lang='lat' dir='ltr'><strong>cum</strong></span> <span class='ocrx_word' id='word_1_159' title='bbox 689 2987 892 3062; x_wconf 81' lang='lat' dir='ltr'><strong>plurimi,</strong></span> <span class='ocrx_word' id='word_1_160' title='bbox 909 2988 1024 3052; x_wconf 90' lang='lat' dir='ltr'><strong>quin</strong></span> <span class='ocrx_word' id='word_1_161' title='bbox 1043 2988 1256 3053; x_wconf 89' lang='lat' dir='ltr'><strong>plerique</strong></span> <span class='ocrx_word' id='word_1_162' title='bbox 1277 2989 1370 3038; x_wconf 83' lang='lat' dir='ltr'><strong>sint</strong></span> <span class='ocrx_word' id='word_1_163' title='bbox 1386 2987 1662 3038; x_wconf 76' lang='lat' dir='ltr'><strong>Horatianae</strong></span> <span class='ocrx_word' id='word_1_164' title='bbox 1681 2987 1775 3036; x_wconf 90' lang='lat' dir='ltr'><strong>ele·</strong></span> 
     </span>
    </p>
   </div>
  </div>
 </body>
</html>
