1950 3626
222 358 277 387 xx
413 346 702 394 PRAESIDIA
730 347 1007 408 QUAEDAM
1036 348 1231 394 HUJUS
1259 344 1575 393 EDrrloNis.

292 471 391 523 ΙΙΙ.
432 474 645 526 Donavit
667 476 793 538 mihi,
822 477 898 527 cui
933 477 1027 526 alia
1065 486 1115 527 et
1151 478 1335 543 majora
1367 477 1535 536 debeo,
1565 471 1769 539 plurima

222 557 417 609 debebit
438 559 566 621 olim,
595 562 634 611 si
658 562 796 612 Deus
815 563 984 623 faveat,
1012 562 1254 611 literarum
1278 579 1353 612 res
1378 561 1582 626 publica,
1610 573 1767 609 cnm-

223 657 409 693 s'ropn.
438 662 638 695 SAxms
658 646 721 696 V.
751 646 810 696 C.
837 647 1054 713 Syllogen
1077 646 1356 696 variantium
1384 646 1642 695 lectionum
1668 662 1695 693 a
1717 659 1768 692 se

220 727 580 793 descriptarum,
597 730 769 795 partim
793 730 853 779 de
877 731 1099 796 exemplo
1115 730 1506 799 Cuningamianae
1531 728 1762 789 editionis,

221 813 296 862 cui
315 814 542 863 alleverat
558 814 662 865 illas
690 816 744 865 B.
784 815 980 866 Cortius
1004 831 1031 864 e
1050 814 1285 880 Lipsiensi
1309 825 1358 864 et
1374 814 1646 864 Vinariensi
1671 813 1771 864 Co-

219 897 417 959 dicibus,
447 899 573 963 quod
611 900 884 966 exemplum
918 909 992 950 est
1029 916 1175 964 penes
1211 899 1453 966 Kappiam
1480 901 1543 949 V.
1573 899 1631 949 C.
1660 915 1770 964 par-

218 980 305 1031 tim
328 998 389 1031 ex
412 983 506 1032 alio
534 983 872 1035 Maittairianae
896 984 1129 1045 editionis,
1155 985 1286 1049 quod
1311 984 1413 1050 ipse
1437 984 1663 1049 possidet,
1690 982 1768 1033 cui

219 1066 365 1117 docta
402 1085 569 1117 manus
605 1068 686 1118 IX
721 1069 957 1120 Codicum
994 1069 1220 1119 lectiones
1264 1068 1583 1118 commiserat.
1657 1066 1769 1117 Hac

217 1152 398 1219 sylloge
420 1152 485 1201 ita
507 1170 619 1202 usus
646 1170 767 1213 sum,
796 1163 850 1202 ut
870 1153 1159 1217 simpliciter,
1187 1169 1295 1216 quae
1319 1152 1430 1201 inde
1458 1169 1545 1216 pro
1570 1150 1768 1201 consilio

217 1251 329 1284 meo
370 1244 629 1295 enotarem,
681 1235 904 1285 Savianae
950 1236 1185 1286 collationi
1231 1235 1519 1295 tribuerem3
1574 1234 1768 1300 quando

218 1327 425 1384 spes‘est
458 1319 685 1382 futurum,
705 1329 762 1371 'ut
790 1321 893 1386 ipse
928 1319 1001 1370 vir
1037 1322 1221 1380 doctuS‚
1260 1320 1299 1370 si
1323 1319 1448 1370 tanti
1483 1327 1634 1384 putet,
1659 1334 1768 1368 eam

218 1405 431 1472 syllogen
446 1404 685 1472 'integram
703 1404 917 1455 Horatio
941 1404 1196 1470 impertiat.

281 1488 400 1539 -Fuit
446 1505 591 1553 penes
650 1506 726 1538 me
778 1489 1011 1540 beneficio
1067 1489 1153 1538 viri
1201 1487 1418 1553 praeclari
1467 1503 1765 1538 munienter

220 1590 466 1624 cums'ro.
498 1590 828 1635 SCHMINKII,
856 1573 951 1639 'qui
985 1581 1037 1623 ut
1070 1573 1119 1622 in
1157 1572 1259 1622 aliis
1296 1574 1436 1621 rebus
1464 1571 1599 1622 bonis
1622 1571 1691 1622 ita
1717 1572 1767 1623 in

217 1658 435 1708 amicitiis
459 1658 897 1723 quoque-colendis
933 1666 1132 1723 paterna
1165 1659 1339 1724 premit
1370 1655 1580 1723 vestigia,
1606 1673 1768 1706 exem-

209 1744 352 1808 plum
390 1743 716 1792 Torrentianae
759 1742 991 1803 editionis,
1039 1742 1115 1793 cui
1153 1742 1409 1792 commissa
1440 1751 1542 1793 erat
1577 1742 1770 1793 collatio

218 1826 325 1877 libri
360 1827 557 1892 antiqui,
587 1844 728 1892 quem
758 1827 839 1877 Jo.
867 1828 1064 1878 Brodaei
1100 1827 1259 1889 fuisse,
1299 1837 1438 1892 pater
1469 1827 1769 1878 Schminkius

172 1936 178 1942 ·
216 1915 464 1973 δμακαρίτης
492 1912 822 1977 adscripscrat.
894 1913 989 1963 Sed
1026 1913 1191 1977 quidni
1225 1921 1376 1963 totam
1400 1913 1534 1962 *illius
1567 1913 1768 1963 adnota-

217 1991 395 2043 tionem
425 1996 710 2061 apponimus
729 1994 745 2046 τ’
769 1998 830 2047 Α.
871 2013 1200 2048 cmmccxn.
1229 2014 1380 2047 mense
1400 1997 1534 2048 Julio
1558 1997 1772 2063 Trajecti

217 2079 283 2128 ad
302 2079 523 2130 Rhenum
547 2082 725 2131 contuli
749 2082 893 2133 libros
930 2083 1020 2133 IV
1043 2083 1320 2144 carminum,
1348 2083 1559 2149 Epodon‚
1584 2092 1632 2133 et
1661 2100 1768 2134 car-

217 2179 321 2212 men
344 2167 552 2216 seculare
574 2183 679 2216 cum
701 2168 851 2218 codice
871 2178 1136 2235 papyraceo
1157 2185 1218 2218 επ*
1242 2167 1539 2218 Bibliotheca
1561 2167 1769 2234 Amplis-

115 2292 128 2301 ,
215 2246 322 2298 simi
340 2248 507 2299 'Koole'e‘
543 2250 790 2302 Senatorio
811 2250 1234 2319 Amerffurtiensis
1256 2269 1361 2302 cam
1398 2252 1593 2302 viveret}
1665 2252 1769 2303 Hic

214 2333 358 2382 codar
398 2334 586 2386 minime
629 2338 1000 2388 comtemnendas
1046 2339 1277 2404 spectavit
1313 2339 1420 2388 olim
1462 2347 1582 2389 teste
1622 2338 1769 2405 ipsius

216 2435 360 2468 manu
396 2421 463 2470 ad
499 2421 772 2472 Brodaeum.
844 2422 910 2472 In
932 2423 1041 2489 fine
1080 2423 1246 2473 codicis
1283 2423 1383 2474 haec
1424 2423 1665 2488 ads-cripta
1707 2425 1769 2473 le-

215 2513 437 2569 guntur:
471 2507 536 2555 A.
571 2514 709 2566 1392.
735 2507 807 2557 die
838 2514 909 2559 18.
954 2507 1122 2557 mensis
1143 2506 1286 2557 Febr.
1314 2509 1531 2572 complete
1546 2504 1766 2570 fuerunt

218 2587 322 2639 Ode
343 2589 510 2640 Oratii
539 2603 633 2657 per
656 2592 719 2642 A.
745 2592 809 2642 A.
835 2601 1094 2642 morantem
1113 2591 1291 2657 :Papiae
1313 2591 1431 2640 hora
1456 2591 1625 2641 XIX.
1655 2593 1766 2657 pul-

216 2682 363 2724 sante.
437 2675 559 2726 Sunt
579 2676 626 2726 in
650 2676 722 2726 his
744 2676 1027 2726 lectionibus
1062 2675 1396 2725 memorabiles
1435 2676 1673 2740 quaedam,
1707 2685 1766 2726 ut

215 2756 331 2807 illud
358 2768 411 2809 ,9.
447 2769 518 2814 14.
551 2770 624 2813 10.
657 2761 893 2828 cujusque,
920 2770 969 2811 et
1005 2769 1051 2812 2.
1089 2768 1167 2811 20.
1213 2768 1285 2816 17.
1326 2758 1525 2820 Colchis,
1558 2769 1608 2810 et
1639 2768 1685 2813 3.
1710 2765 1760 2810 5.

217 2850 297 2895 54.
326 2844 594 2910 reliquerat,
621 2855 671 2896 et
705 2845 863 2911 Epod.
890 2854 937 2898 2.
967 2843 1046 2904 69.
1083 2844 1279 2910 redegit,
1298 2836 1356 2894 it.
1395 2844 1553 2910 Epod.
1594 2854 1641 2897 5.
1676 2848 1760 2900 54.

218 2925 415 2976 Arcum.

289 3013 352 3062 V.
394 3013 703 3065 Illustrissimi
737 3014 843 3065 Viri
874 3014 924 3065 F.
955 3014 1014 3085 C,
1042 3021 1122 3065 An
1145 3015 1527 3066 HARDENBERG
1560 3013 1766 3066 liberali·
