1950 3626
197 307 295 350 xxiv
583 307 989 352 COMPENDIA
1031 306 1367 351 NOMINUM

198 433 437 484 terniones
462 451 558 485 non
593 434 659 485 illi
682 435 875 501 quidem
899 435 1045 486 literis
1068 434 1326 500 Alphabeti
1349 430 1531 500 signati,
1558 430 1650 479 sed·
1673 429 1743 478 fo-

199 517 264 568 lia
284 517 461 584 ipsaxin
496 521 670 588 angulo
706 521 873 570 dextro
898 520 1080 588 paginoe
1105 520 1305 569 adversa
1328 515 1535 568 numeris
1560 531 1647 580 per
1670 523 1744 562 to-

199 610 304 652 turn
338 620 460 669 opus
498 604 731 654 continuis
768 604 1003 664 distincta,
1031 605 1092 653 ad
1126 621 1246 669 quos
1281 602 1643 653 accommodata
1672 608 1746 648 est

199 688 366 738 tabula
408 689 762 749 vocabulorum,
805 707 913 754 quae
959 688 1008 738 in
1046 688 1397 739 commentariis
1435 686 1741 751 explicantur,

199 787 295 821 non
315 774 442 822 bono
465 773 661 823 consilio
688 782 796 838 post
813 773 1003 822 omissa,
1076 773 1260 831 Quales
1284 771 1378 820 sint
1399 770 1492 820 illae
1517 770 1745 834 interpre-

201 856 418 918 tationes,
466 858 716 908 ostendent
759 858 1023 923 specimina
1069 858 1221 907 multa
1260 875 1291 906 a
1334 857 1540 906 Baxtero
1583 854 1740 902 allata.

200 937 331 990 Illud
379 941 628 992 universim
674 942 944 1003 tenendum,
993 943 1144 992 multa
1182 951 1295 991 tunc
1340 940 1556 1007 ignorata
1601 936 1743 986 etiam

201 1023 370 1085 doctis,
399 1043 507 1090 quae
530 1026 578 1075 in
614 1026 873 1092 trivialibus
904 1027 1072 1076 libellis
1106 1026 1365 1085 habentur;
1404 1025 1556 1073 multa
1580 1021 1745 1072 melius

201 1124 327 1158 nunc
351 1111 602 1160 traduntur
626 1111 672 1159 in
712 1111 897 1160 Lexicis
930 1112 1002 1160 vel
1039 1111 1154 1159 vivae
1191 1108 1562 1173 interpretationi
1595 1122 1744 1156 reser-

200 1200 383 1254 vantur,
411 1211 519 1258 quae
545 1204 646 1243 tum
670 1195 718 1243 in
744 1194 1126 1260 Commentarios
1151 1194 1419 1243 referebant
1439 1191 1608 1241 merito
1631 1200 1723 1240 etc.

270 1275 338 1326 G.
367 1276 501 1328 Gott.
529 1279 858 1349 Gottingensis
884 1282 1052 1332 Codex
1071 1282 1181 1332 MS.
1199 1283 1260 1331 de
1283 1298 1381 1346 quo
1406 1279 1604 1331 Praesid.
1628 1296 1675 1328 n.
1698 1279 1739 1328 1.

269 1360 335 1411 H.
362 1361 489 1412 Han.
521 1364 917 1429 Hannoveranus,
945 1367 1006 1416 de
1030 1384 1127 1432 quo
1151 1383 1197 1415 n.
1221 1366 1292 1415 ΙΙ.

270 1446 420 1497 Loch.
461 1449 664 1500 Locheri
701 1451 755 1517 (J
759 1451 917 1514 acobi)
954 1469 1100 1516 quam
1145 1450 1368 1501 Losclieri
1407 1465 1579 1499 vocare
1622 1449 1742 1498 solet

201 1530 471 1582 Bentleius:
509 1535 654 1584 habui
673 1552 700 1585 e
725 1536 1019 1586 Bibliotheca
1043 1535 1193 1603 Regia
1213 1535 1569 1584 Hannoverana
1585 1532 1744 1600 benig-

199 1615 350 1665 nitate
372 1617 551 1667 laudati
575 1618 790 1670 Scheidii.

273 1701 409 1751 Med.
432 1703 815 1755 Mediolanensia
838 1705 1129 1770 exemplaria
1152 1705 1296 1753 habet
1316 1701 1612 1751 Bibliotheca
1635 1717 1744 1750 nos-

201 1795 275 1836 tra
310 1786 412 1846 tria,
435 1805 583 1838 unum
618 1800 757 1855 opera
783 1799 830 1840 et
857 1790 1070 1856 impensis
1094 1787 1308 1853 Philippi
1332 1786 1601 1851 Lavagniae
1627 1785 1741 1834 civis

203 1871 570 1923 Mediolanensis
585 1891 706 1923 anno
723 1875 906 1924 anatoli
919 1873 1195 1924 Christiano
1208 1869 1740 1922 MCCCCLXXVII.

202 1958 345 2006 tertio
371 1957 427 2007 K
429 1959 456 2007 l.
487 1958 621 2007 Maii
642 1959 674 2008 f.
748 1959 965 2008 Alterum
998 1961 1142 2008 habet
1164 1959 1286 2007 hanc
1317 1943 1742 2020 subscriptionem:

200 2041 266 2091 In
289 2042 472 2109 officina
494 2026 677 2109 egregii
708 2043 896 2093 librarii
920 2043 1120 2092 Antonii
1142 2042 1336 2092 Zarotti
1355 2027 1640 2091 Parmensis
1660 2042 1744 2090 im-

190 2127 360 2191 pendio
381 2127 428 2176 A
434 2128 650 2177 levandri
675 2128 949 2177 Mimaetiani
972 2128 1149 2194 Appula·
1173 2128 1227 2177 de
1249 2125 1424 2176 Sancto
1447 2124 1622 2176 Severo
1646 2126 1744 2175 haec

198 2222 339 2276 opera
376 2212 640 2262 Mediolani
668 2212 892 2278 impressa
920 2222 1047 2263 sant.
1121 2213 1263 2262 Anno
1292 2223 1324 2260 a
1352 2207 1603 2277 salutffero
1636 2210 1683 2258 V
1677 2211 1744 2259 ir-

197 2297 327 2364 ginis
353 2306 506 2363 partu
528 2307 660 2348 sexto
684 2306 731 2347 et
766 2298 1040 2363 octogesimo
1062 2309 1209 2363 supra
1235 2296 1522 2368 millesimum
1555 2304 1602 2344 et
1631 2311 1746 2362 qua-

199 2385 625 2452 dringentesimum.
701 2384 880 2441 Quinto
899 2384 1002 2433 idas
1027 2382 1263 2433 Martias.
1291 2381 1373 2430 fol.
1413 2378 1744 2440 Memorabilis

199 2478 272 2518 est
297 2470 513 2534 praefatio
532 2469 794 2519 Alexandri
817 2467 1074 2518 Minutiani
1089 2468 1150 2517 ad
1171 2467 1577 2516 Bartholomaeum
1598 2462 1743 2513 Chal-

200 2571 323 2614 cum,
351 2554 612 2605 Ducalium
633 2563 923 2605 secretorum
948 2551 1248 2620 Magistrum,
1275 2551 1400 2600 unde
1424 2549 1647 2614 quaedam
1666 2547 1743 2598 hic

200 2654 525 2704 excerpemuS.
551 2651 555 2655 ”
597 2639 786 2704 Scripta
806 2647 882 2689 est
905 2639 955 2688 in
975 2637 1088 2686 diali
1109 2651 1217 2685 arce
1238 2636 1321 2700 (an
1344 2636 1438 2684 hoe‘
1450 2644 1525 2684 est
1540 2622 1587 2684 in
1611 2635 1743 2699 pala-

200 2722 267 2772 tio
294 2723 620 2789 Episcopali?)
647 2723 804 2790 pridie
825 2722 929 2772 idus
951 2722 1174 2772 Martias
1192 2720 1332 2770 Anno
1355 2737 1385 2769 a
1402 2729 1514 2769 nato
1539 2720 1744 2770 Domino

203 2806 567 2858 MCCCCLX
564 2809 690 2859 XX
695 2808 785 2858 VI.
856 2806 1237 2857 Postulaverant
1261 2822 1291 2854 a
1315 2822 1383 2855 me
1405 2805 1591 2873 quidam
1612 2816 1743 2870 supe-

202 2892 322 2942 riori
344 2910 477 2954 amw,
514 2904 568 2944 ut
605 2894 765 2945 Flacci
802 2892 971 2943 libros:
1006 2907 1119 2959 quos
1153 2890 1426 2956 impr-essuri
1460 2899 1599 2940 erant
1636 2906 1742 2939 cum

202 2978 389 3028 Acrone
410 2988 457 3029 et
483 2979 815 3046 Porphyrione
837 2975 1203 3028 accuratissimis
1235 2974 1572 3042 interpretibus
1601 2976 1742 3025 casti-
