1950 3626
179 416 262 446 xxx
388 401 690 449 BAXTERI
730 403 1083 448 PRAEFATIO
1123 402 1341 457 PRIOR,
1382 400 1534 445 SIVE

180 529 422 595 Cruquius
463 531 677 597 apprime
715 534 884 583 doctus
929 531 1212 600 ingenioque
1257 530 1556 596 praecipuus3
1606 528 1727 577 Tor-

180 613 355 664 rentius
378 624 428 665 et
450 617 627 681 probus
655 625 704 666 et
717 617 886 683 judicii
924 618 1105 682 plenus,
1134 614 1558 681 pulcherrimisque
1585 615 1725 663 rebus

181 698 358 763 ubique
382 700 611 750 refertus:
649 718 814 751 omnes
839 702 887 750 in
926 701 1222 751 conserendis
1260 699 1445 764 scriptis
1482 697 1726 748 codicibus

180 782 534 851 diligentissimi.
609 778 876 851 Cru'quium
911 786 1010 836 fere
1042 803 1127 851 per
1151 785 1312 835 omnia
1338 783 1554 848 sequitur
1584 782 1631 831 in
1656 782 1727 831 lu-

181 869 373 919 culenta
397 886 484 919 sua
517 870 804 936 Paraphrasi
843 871 1080 930 Lubinus;
1122 871 1247 919 hunc
1283 869 1454 918 iterum
1491 867 1727 931 excerpsit

181 963 344 1004 noster
375 953 602 1005 BondiuS.
675 954 929 1020 Superiore
967 955 1111 1005 etiam
1150 954 1326 1004 saeculo
1352 953 1728 1017 Christophorus

183 1038 428 1088 Laudinus
450 1039 654 1103 plurima
676 1049 815 1090 acute
840 1040 1050 1104 protulit.
1109 1039 1229 1088 Erat
1251 1047 1301 1088 et
1322 1037 1559 1087 Antonius
1584 1037 1729 1086 Man·

183 1123 380 1173 cinellus
405 1124 549 1172 homo
582 1124 779 1192 diligens
815 1133 865 1174 et
902 1125 1066 1173 multae
1100 1123 1327 1182 lectionis,
1367 1131 1420 1172 ut
1452 1139 1562 1171 vere
1586 1123 1647 1172 de
1670 1140 1730 1173 eo

182 1206 456 1257 Glareanus
481 1208 694 1257 censuit:
733 1209 859 1257 solas
897 1217 1059 1257 tamen
1086 1207 1238 1267 Odas,
1267 1207 1397 1271 quod
1424 1207 1617 1270 quidem
1641 1208 1730 1257 sci·

182 1308 304 1351 mus,
332 1290 409 1341 hic
426 1291 758 1356 interpretatus
776 1300 861 1340 est.
918 1291 1156 1340 Antonius
1179 1290 1400 1340 Muretus
1423 1307 1577 1354 pauca
1600 1308 1734 1340 com-

182 1384 421 1425 mentatus
446 1386 532 1435 est,
561 1376 645 1425 sed
670 1377 812 1441 plane
837 1392 996 1425 aurea.
1072 1375 1311 1424 Henrieus
1337 1375 1606 1439 Stephanus
1630 1378 1732 1427 feli-

183 1460 301 1510 citer
322 1459 486 1509 limam
510 1477 647 1510 suam
672 1460 897 1509 admovit.
960 1459 1137 1510 Caeteri
1160 1460 1233 1508 vel
1258 1461 1349 1509 hoc
1374 1477 1469 1509 uno
1487 1461 1729 1524 laudandi,

184 1545 313 1610 quod
329 1554 516 1596 tantum
535 1544 816 1611 scriptorem
833 1544 1173 1605 adamaverint,
1193 1561 1401 1608 curaque
1427 1561 1514 1593 sua
1536 1545 1730 1613 dignum

183 1629 572 1680 existimaverint.
647 1629 848 1679 Heinsio
884 1645 980 1677 non
1013 1628 1163 1678 defuit
1195 1628 1423 1688 doctrina,
1450 1630 1532 1678 sed
1574 1631 1733 1681 Hora-

184 1712 341 1763 tianus
363 1713 543 1781 genius.
618 1713 699 1762 De
718 1713 957 1781 Scaligero
980 1713 1170 1762 mallem
1196 1714 1439 1762 Andream
1470 1714 1732 1766 Dacerium

147 1815 150 1819 ·
185 1798 404 1848 audires:
444 1796 512 1847 Ce
532 1807 730 1865 spavant
765 1798 942 1847 homme
962 1814 991 1846 a
1014 1798 1088 1847 έίέ
1118 1797 1436 1857 ιηαῖΙιειινεα.τ,
1461 1799 1615 1863 inquit
1638 1801 1730 1862 ille,

185 1883 302 1932 dans
329 1891 435 1932 tous
463 1882 528 1932 les
549 1882 757 1932 endroits
781 1881 895 1950 qu'il
918 1898 949 1931 a
975 1881 1149 1940 blame&
1184 1892 1231 1931 et
1256 1883 1309 1931 de
1340 1892 1491 1932 tontes
1522 1902 1593 1934 ses
1620 1886 1733 1937 Cri-

186 1969 350 2036 tiqueS,
387 1968 425 2017 il
453 1967 529 2034 πῇ]
562 1984 593 2017 a
617 1978 709 2033 pas
734 1983 824 2016 une
839 1967 995 2032 juste.
1065 1966 1096 2016 J
1105 1966 1341 2015 ustissima
1376 1985 1488 2017 sane
1514 1986 1730 2035 censura,

186 2061 416 2118 tantoque
439 2052 539 2102 viro
575 2051 731 2119 digna.
804 2051 1091 2116 Tanaquillo
1117 2051 1275 2100 Fabro
1309 2052 1469 2101 caeteri
1511 2058 1732 2107 mortales

188 2139 381 2190 Acrisia
406 2141 566 2206 proles
588 2139 821 2200 videntur,
860 2138 908 2187 in
941 2138 1089 2204 ipsius
1119 2147 1279 2188 tamen
1315 2139 1489 2188 notulis
1513 2143 1596 2184 ε’δὲν
1618 2146 1733 2199 ὑγιές.

190 2224 271 2274 De
297 2223 400 2289 ipso
435 2224 647 2275 Dacerio
685 2224 768 2289 qui
805 2223 996 2273 Gallice
1035 2223 1189 2273 sciunt
1222 2224 1391 2274 melius
1419 2223 1733 2288 judicabunt:

189 2324 338 2372 quare
365 2309 560 2359 Petrum
600 2308 872 2359 Rodellium
911 2307 1091 2368 audieS,
1118 2307 1270 2356 virum
1310 2324 1405 2356 non
1446 2306 1734 2356 ineruditum

188 2393 248 2441 de
271 2392 510 2443 Societate
526 2393 557 2443 J
561 2410 661 2454 esu,
682 2393 764 2458 qui
779 2409 931 2458 nuper
947 2409 1115 2457 pauca,
1134 2392 1217 2441 sed
1242 2393 1383 2451 bona,
1406 2390 1453 2439 in
1478 2390 1735 2439 Horatium

189 2477 496 2543 conscripsit:
544 2478 738 2530 Judicet
772 2493 933 2545 aequus
974 2478 1120 2526 lector
1153 2485 1201 2525 et
1239 2475 1409 2535 videat,
1447 2474 1599 2538 inquit
1639 2474 1733 2533 ille,

188 2562 382 2613 malitnc
403 2562 452 2611 in
480 2562 570 2612 isto
590 2561 862 2628 Interprete
876 2561 1029 2629 fidem
1057 2577 1119 2610 an
1141 2560 1433 2626 diligentiam
1455 2558 1732 2607 desiderare.

192 2645 273 2695 De
296 2663 372 2696 me
394 2647 499 2712 ipso
517 2657 692 2708 autem,
721 2646 875 2712 siquid
899 2655 948 2696 et
971 2645 1085 2695 mihi
1110 2654 1218 2710 post
1242 2652 1398 2694 tantos
1422 2642 1545 2690 viros
1569 2643 1736 2690 huma-

190 2731 316 2780 nitus
339 2731 578 2792 acciderit,
603 2732 733 2796 quod
757 2741 887 2780 certe
924 2729 1019 2789 fiet,
1058 2729 1302 2795 ignoscent
1334 2725 1537 2793 ingenui,
1563 2735 1612 2775 et
1635 2726 1736 2774 lau·

119 2830 127 2846 ⁸
191 2816 373 2864 dabunt
394 2816 697 2883 diligentiam,
722 2814 865 2865 etiam
886 2813 966 2863 ubi
980 2813 1185 2863 defuisse
1209 2812 1444 2862 videbitur
1469 2828 1732 2860 successus.

192 2898 329 2948 Nihil
344 2915 503 2948 moror
517 2901 703 2961 sciolos,
722 2898 1002 2959 morosulos‚
1019 2907 1070 2948 et
1081 2898 1349 2947 vultuosos:
1375 2895 1446 2946 his
1463 2896 1603 2956 enim,
1623 2895 1736 2945 satis

191 2982 306 3042 scio,
327 2983 530 3047 placebit
544 2984 670 3046 nihil,
682 2983 910 3048 nisiquod
928 2982 1222 3048 displicebit3
1249 2999 1360 3031 nam
1375 2982 1478 3031 sola
1495 2980 1735 3029 rimabun-

192 3076 270 3117 tur
292 3067 431 3118 vitia:
467 3068 554 3119 etsi
577 3078 625 3118 et
648 3070 737 3118 hoc
763 3068 1109 3133 propemodum
1128 3067 1389 3116 humanum
1408 3064 1571 3115 vitium
1597 3064 1660 3114 sit
1680 3083 1690 3113 :
