<?xml version="1.0" encoding="UTF-8"?>
<!DOCTYPE html PUBLIC "-//W3C//DTD XHTML 1.0 Transitional//EN"
    "http://www.w3.org/TR/xhtml1/DTD/xhtml1-transitional.dtd">
<html xmlns="http://www.w3.org/1999/xhtml" xml:lang="en" lang="en">
 <head>
  <title>
</title>
<meta http-equiv="Content-Type" content="text/html;charset=utf-8" />
  <meta name='ocr-system' content='tesseract 3.04.00' />
  <meta name='ocr-capabilities' content='ocr_page ocr_carea ocr_par ocr_line ocrx_word'/>
</head>
<body>
  <div class='ocr_page' id='page_1' title='image "./eclogaeho00horauoft_0265.png"; bbox 0 0 1924 3458; ppageno 0'>
   <div class='ocr_carea' id='block_1_1' title="bbox 606 317 1724 363">
    <p class='ocr_par' dir='ltr' id='par_1_1' title="bbox 606 317 1724 363">
     <span class='ocr_line' id='line_1_1' title="bbox 606 317 1724 363; baseline -0.003 -2"><span class='ocrx_word' id='word_1_1' title='bbox 606 317 975 361; x_wconf 84' lang='lat' dir='ltr'>CARMINUM</span> <span class='ocrx_word' id='word_1_2' title='bbox 1011 318 1124 361; x_wconf 86' lang='lat' dir='ltr'>LIB.</span> <span class='ocrx_word' id='word_1_3' title='bbox 1162 317 1234 361; x_wconf 90' lang='lat' dir='ltr'>IV.</span> <span class='ocrx_word' id='word_1_4' title='bbox 1271 324 1308 363; x_wconf 87' lang='lat'>8.</span> <span class='ocrx_word' id='word_1_5' title='bbox 1641 322 1724 359; x_wconf 80' lang='lat'>213</span> 
     </span>
    </p>
   </div>
   <div class='ocr_carea' id='block_1_2' title="bbox 365 430 1296 928">
    <p class='ocr_par' dir='ltr' id='par_1_2' title="bbox 370 430 1152 488">
     <span class='ocr_line' id='line_1_2' title="bbox 370 430 1152 488; baseline 0 -14"><span class='ocrx_word' id='word_1_6' title='bbox 370 432 466 474; x_wconf 91' lang='lat' dir='ltr'>Non</span> <span class='ocrx_word' id='word_1_7' title='bbox 485 430 610 473; x_wconf 88' lang='lat' dir='ltr'>ineisa</span> <span class='ocrx_word' id='word_1_8' title='bbox 629 432 733 474; x_wconf 88' lang='lat' dir='ltr'>notis</span> <span class='ocrx_word' id='word_1_9' title='bbox 753 447 953 474; x_wconf 84' lang='lat' dir='ltr'>marmora</span> <span class='ocrx_word' id='word_1_10' title='bbox 966 432 1152 488; x_wconf 84' lang='lat' dir='ltr'>publicis,</span> 
     </span>
    </p>

    <p class='ocr_par' dir='ltr' id='par_1_3' title="bbox 368 505 1149 562">
     <span class='ocr_line' id='line_1_3' title="bbox 368 505 1149 562; baseline -0.001 -14"><span class='ocrx_word' id='word_1_11' title='bbox 368 506 445 548; x_wconf 90' lang='lat' dir='ltr'>Per</span> <span class='ocrx_word' id='word_1_12' title='bbox 464 519 555 562; x_wconf 88' lang='lat' dir='ltr'>quae</span> <span class='ocrx_word' id='word_1_13' title='bbox 574 505 733 561; x_wconf 79' lang='lat' dir='ltr'>spiritus</span> <span class='ocrx_word' id='word_1_14' title='bbox 753 512 794 547; x_wconf 90' lang='lat' dir='ltr'>et</span> <span class='ocrx_word' id='word_1_15' title='bbox 811 505 894 547; x_wconf 81' lang='lat' dir='ltr'>vita</span> <span class='ocrx_word' id='word_1_16' title='bbox 912 505 1015 547; x_wconf 91' lang='lat' dir='ltr'>redit</span> <span class='ocrx_word' id='word_1_17' title='bbox 1032 506 1149 547; x_wconf 90' lang='lat' dir='ltr'>bonis</span> 
     </span>
    </p>

    <p class='ocr_par' dir='ltr' id='par_1_4' title="bbox 367 579 1296 784">
     <span class='ocr_line' id='line_1_4' title="bbox 369 579 1296 635; baseline -0.001 -13"><span class='ocrx_word' id='word_1_18' title='bbox 369 580 463 622; x_wconf 89' lang='lat' dir='ltr'>Post</span> <span class='ocrx_word' id='word_1_19' title='bbox 482 586 654 621; x_wconf 85' lang='lat' dir='ltr'>mortem</span> <span class='ocrx_word' id='word_1_20' title='bbox 675 579 870 632; x_wconf 89' lang='lat' dir='ltr'>ducibus;</span> <span class='ocrx_word' id='word_1_21' title='bbox 898 594 985 621; x_wconf 85' lang='lat' dir='ltr'>non</span> <span class='ocrx_word' id='word_1_22' title='bbox 1006 580 1296 635; x_wconf 76' lang='lat' dir='ltr'>celeres-fugae,</span> 
     </span>
     <span class='ocr_line' id='line_1_5' title="bbox 367 642 1264 709; baseline 0.002 -15"><span class='ocrx_word' id='word_1_23' title='bbox 367 651 626 709; x_wconf 83' lang='lat' dir='ltr'>Rejectaeque</span> <span class='ocrx_word' id='word_1_24' title='bbox 645 660 860 695; x_wconf 85' lang='lat' dir='ltr'>retrorsum</span> <span class='ocrx_word' id='word_1_25' title='bbox 879 653 1093 695; x_wconf 86' lang='lat' dir='ltr'>Annibalis</span> <span class='ocrx_word' id='word_1_26' title='bbox 1110 642 1264 706; x_wconf 59' lang='lat' dir='ltr'>minae,</span> 
     </span>
     <span class='ocr_line' id='line_1_6' title="bbox 368 726 1119 784; baseline 0.003 -16"><span class='ocrx_word' id='word_1_27' title='bbox 368 726 465 768; x_wconf 92' lang='lat' dir='ltr'>Non</span> <span class='ocrx_word' id='word_1_28' title='bbox 486 727 675 770; x_wconf 84' lang='lat' dir='ltr'>incendia</span> <span class='ocrx_word' id='word_1_29' title='bbox 691 727 944 783; x_wconf 84' lang='lat' dir='ltr'>Carthaginis</span> <span class='ocrx_word' id='word_1_30' title='bbox 964 727 1119 784; x_wconf 86' lang='lat' dir='ltr'>impiae,</span> 
     </span>
    </p>

    <p class='ocr_par' dir='ltr' id='par_1_5' title="bbox 365 791 1132 928">
     <span class='ocr_line' id='line_1_7' title="bbox 365 791 1132 856; baseline 0 -14"><span class='ocrx_word' id='word_1_31' title='bbox 365 797 467 856; x_wconf 86' lang='lat' dir='ltr'>Ejus</span> <span class='ocrx_word' id='word_1_32' title='bbox 487 800 556 855; x_wconf 89' lang='lat' dir='ltr'>qui</span> <span class='ocrx_word' id='word_1_33' title='bbox 577 791 730 842; x_wconf 81' lang='lat' dir='ltr'>domita</span> <span class='ocrx_word' id='word_1_34' title='bbox 750 815 902 843; x_wconf 91' lang='lat' dir='ltr'>nomen</span> <span class='ocrx_word' id='word_1_35' title='bbox 921 802 972 842; x_wconf 89' lang='lat' dir='ltr'>ab</span> <span class='ocrx_word' id='word_1_36' title='bbox 991 801 1132 843; x_wconf 86' lang='lat' dir='ltr'>Africa</span> 
     </span>
     <span class='ocr_line' id='line_1_8' title="bbox 366 873 1087 928; baseline 0.004 -14"><span class='ocrx_word' id='word_1_37' title='bbox 366 873 565 915; x_wconf 89' lang='lat' dir='ltr'>Lueratus</span> <span class='ocrx_word' id='word_1_38' title='bbox 584 875 715 928; x_wconf 87' lang='lat' dir='ltr'>rediit,</span> <span class='ocrx_word' id='word_1_39' title='bbox 740 875 883 917; x_wconf 86' lang='lat' dir='ltr'>clarius</span> <span class='ocrx_word' id='word_1_40' title='bbox 903 874 1087 917; x_wconf 84' lang='lat' dir='ltr'>indicant</span> 
     </span>
    </p>
   </div>
   <div class='ocr_carea' id='block_1_3' title="bbox 260 579 311 622">
    <p class='ocr_par' dir='ltr' id='par_1_6' title="bbox 260 579 311 622">
     <span class='ocr_line' id='line_1_9' title="bbox 260 579 311 622; baseline -0.02 0"><span class='ocrx_word' id='word_1_41' title='bbox 260 579 311 622; x_wconf 83' lang='grc'>15</span> 
     </span>
    </p>
   </div>
   <div class='ocr_carea' id='block_1_4' title="bbox 255 946 1299 1143">
    <p class='ocr_par' dir='ltr' id='par_1_7' title="bbox 255 946 1299 1143">
     <span class='ocr_line' id='line_1_10' title="bbox 255 946 1299 1006; baseline 0.001 -18"><span class='ocrx_word' id='word_1_42' title='bbox 255 951 310 988; x_wconf 83' lang='grc'>20</span> <span class='ocrx_word' id='word_1_43' title='bbox 366 946 541 1001; x_wconf 87' lang='lat' dir='ltr'>Laudes,</span> <span class='ocrx_word' id='word_1_44' title='bbox 565 963 689 1004; x_wconf 86' lang='lat' dir='ltr'>quam</span> <span class='ocrx_word' id='word_1_45' title='bbox 710 949 893 990; x_wconf 80' lang='lat' dir='ltr'>Calabrae</span> <span class='ocrx_word' id='word_1_46' title='bbox 911 949 1089 991; x_wconf 88' lang='lat' dir='ltr'>Pierides</span> <span class='ocrx_word' id='word_1_47' title='bbox 1110 964 1119 992; x_wconf 90' lang='lat'><strong>:</strong></span> <span class='ocrx_word' id='word_1_48' title='bbox 1153 962 1299 1006; x_wconf 88' lang='lat' dir='ltr'>neque,</span> 
     </span>
     <span class='ocr_line' id='line_1_11' title="bbox 349 997 1169 1143; baseline 0.002 -81"><span class='ocrx_word' id='word_1_49' title='bbox 349 997 582 1143; x_wconf 54' lang='lat' dir='ltr'>fficmrtae</span> <span class='ocrx_word' id='word_1_50' title='bbox 598 1021 742 1063; x_wconf 84' lang='lat' dir='ltr'>sileant</span> <span class='ocrx_word' id='word_1_51' title='bbox 762 1023 870 1079; x_wconf 93' lang='lat' dir='ltr'>quod</span> <span class='ocrx_word' id='word_1_52' title='bbox 888 1023 993 1064; x_wconf 91' lang='lat' dir='ltr'>bene</span> <span class='ocrx_word' id='word_1_53' title='bbox 1014 1022 1169 1075; x_wconf 87' lang='lat' dir='ltr'>feceris,</span> 
     </span>
    </p>
   </div>
   <div class='ocr_carea' id='block_1_5' title="bbox 419 1095 774 1139">
    <p class='ocr_par' dir='ltr' id='par_1_8' title="bbox 419 1095 774 1139">
     <span class='ocr_line' id='line_1_12' title="bbox 419 1095 774 1139; baseline 0.008 -4"><span class='ocrx_word' id='word_1_54' title='bbox 419 1095 606 1137; x_wconf 88' lang='lat' dir='ltr'>ercedem</span> <span class='ocrx_word' id='word_1_55' title='bbox 625 1096 774 1139; x_wconf 85' lang='lat' dir='ltr'>tuleris.</span> 
     </span>
    </p>
   </div>
   <div class='ocr_carea' id='block_1_6' title="bbox 835 1095 1176 1141">
    <p class='ocr_par' dir='ltr' id='par_1_9' title="bbox 835 1095 1176 1141">
     <span class='ocr_line' id='line_1_13' title="bbox 835 1095 1176 1141; baseline 0.003 -4"><span class='ocrx_word' id='word_1_56' title='bbox 835 1095 948 1141; x_wconf 82' lang='lat' dir='ltr'>Quid</span> <span class='ocrx_word' id='word_1_57' title='bbox 966 1097 1068 1138; x_wconf 88' lang='lat' dir='ltr'>foret</span> <span class='ocrx_word' id='word_1_58' title='bbox 1086 1096 1176 1138; x_wconf 85' lang='lat' dir='ltr'>Iliae</span> 
     </span>
    </p>
   </div>
   <div class='ocr_carea' id='block_1_7' title="bbox 253 1167 1152 1445">
    <p class='ocr_par' dir='ltr' id='par_1_10' title="bbox 366 1167 1096 1225">
     <span class='ocr_line' id='line_1_14' title="bbox 366 1167 1096 1225; baseline 0.001 -16"><span class='ocrx_word' id='word_1_59' title='bbox 366 1167 642 1224; x_wconf 88' lang='lat' dir='ltr'>Mavortisque</span> <span class='ocrx_word' id='word_1_60' title='bbox 660 1184 773 1225; x_wconf 91' lang='lat' dir='ltr'>puer,</span> <span class='ocrx_word' id='word_1_61' title='bbox 797 1169 829 1210; x_wconf 87' lang='lat' dir='ltr'>si</span> <span class='ocrx_word' id='word_1_62' title='bbox 848 1169 1096 1215; x_wconf 83' lang='lat' dir='ltr'>taciturnitas</span> 
     </span>
    </p>

    <p class='ocr_par' dir='ltr' id='par_1_11' title="bbox 253 1241 1135 1372">
     <span class='ocr_line' id='line_1_15' title="bbox 363 1241 1093 1285; baseline 0.004 -4"><span class='ocrx_word' id='word_1_63' title='bbox 363 1241 552 1283; x_wconf 83' lang='lat' dir='ltr'>Obstaret</span> <span class='ocrx_word' id='word_1_64' title='bbox 571 1243 724 1284; x_wconf 87' lang='lat' dir='ltr'>meritis</span> <span class='ocrx_word' id='word_1_65' title='bbox 744 1243 880 1284; x_wconf 90' lang='lat' dir='ltr'>invida</span> <span class='ocrx_word' id='word_1_66' title='bbox 897 1242 1093 1285; x_wconf 89' lang='lat' dir='ltr'>Romuli?</span> 
     </span>
     <span class='ocr_line' id='line_1_16' title="bbox 253 1315 1135 1372; baseline 0.001 -15"><span class='ocrx_word' id='word_1_67' title='bbox 253 1321 305 1357; x_wconf 83' lang='lat'>25</span> <span class='ocrx_word' id='word_1_68' title='bbox 363 1315 564 1372; x_wconf 88' lang='lat' dir='ltr'>Ereptum</span> <span class='ocrx_word' id='word_1_69' title='bbox 585 1316 733 1372; x_wconf 88' lang='lat' dir='ltr'>Stygiis</span> <span class='ocrx_word' id='word_1_70' title='bbox 753 1316 940 1358; x_wconf 85' lang='lat' dir='ltr'>fluctibus</span> <span class='ocrx_word' id='word_1_71' title='bbox 958 1315 1135 1358; x_wconf 89' lang='lat' dir='ltr'>AEacum</span> 
     </span>
    </p>

    <p class='ocr_par' dir='ltr' id='par_1_12' title="bbox 362 1388 1152 1445">
     <span class='ocr_line' id='line_1_17' title="bbox 362 1388 1152 1445; baseline -0.001 -14"><span class='ocrx_word' id='word_1_72' title='bbox 362 1389 500 1431; x_wconf 84' lang='lat' dir='ltr'>Virtus</span> <span class='ocrx_word' id='word_1_73' title='bbox 519 1396 560 1431; x_wconf 89' lang='lat' dir='ltr'>et</span> <span class='ocrx_word' id='word_1_74' title='bbox 578 1391 689 1431; x_wconf 87' lang='lat' dir='ltr'>favor</span> <span class='ocrx_word' id='word_1_75' title='bbox 707 1397 748 1431; x_wconf 90' lang='lat' dir='ltr'>et</span> <span class='ocrx_word' id='word_1_76' title='bbox 767 1389 906 1445; x_wconf 88' lang='lat' dir='ltr'>lingua</span> <span class='ocrx_word' id='word_1_77' title='bbox 924 1388 1152 1444; x_wconf 87' lang='lat' dir='ltr'>potentium</span> 
     </span>
    </p>
   </div>
   <div class='ocr_carea' id='block_1_8' title="bbox 356 1497 1558 1563">
    <p class='ocr_par' dir='ltr' id='par_1_13' title="bbox 356 1497 1558 1563">
     <span class='ocr_line' id='line_1_18' title="bbox 356 1497 1558 1563; baseline -0.002 -11"><span class='ocrx_word' id='word_1_78' title='bbox 356 1528 391 1558; x_wconf 82' lang='lat'>17</span> <span class='ocrx_word' id='word_1_79' title='bbox 418 1523 524 1554; x_wconf 82' lang='lat' dir='ltr'>Totum</span> <span class='ocrx_word' id='word_1_80' title='bbox 536 1497 654 1554; x_wconf 66' lang='lat' dir='ltr'>versura</span> <span class='ocrx_word' id='word_1_81' title='bbox 665 1522 754 1552; x_wconf 78' lang='lat' dir='ltr'>deleri</span> <span class='ocrx_word' id='word_1_82' title='bbox 758 1519 846 1562; x_wconf 73' lang='lat' dir='ltr'>jubet</span> <span class='ocrx_word' id='word_1_83' title='bbox 859 1522 959 1553; x_wconf 77' lang='lat' dir='ltr'>Bentl.</span> <span class='ocrx_word' id='word_1_84' title='bbox 1003 1520 1153 1563; x_wconf 75' lang='lat' dir='ltr'>impendis</span> <span class='ocrx_word' id='word_1_85' title='bbox 1161 1528 1219 1563; x_wconf 78' lang='lat' dir='ltr'>pro</span> <span class='ocrx_word' id='word_1_86' title='bbox 1233 1518 1370 1550; x_wconf 82' lang='lat' dir='ltr'>incendia</span> <span class='ocrx_word' id='word_1_87' title='bbox 1384 1516 1459 1559; x_wconf 98' lang='lat' dir='ltr'>conj.</span> <span class='ocrx_word' id='word_1_88' title='bbox 1478 1517 1558 1549; x_wconf 77' lang='lat' dir='ltr'>Cun-</span> 
     </span>
    </p>
   </div>
   <div class='ocr_carea' id='block_1_9' title="bbox 178 1636 936 3039">
    <p class='ocr_par' dir='ltr' id='par_1_14' title="bbox 188 1636 936 2219">
     <span class='ocr_line' id='line_1_19' title="bbox 190 1636 935 1680; baseline 0.004 -13"><span class='ocrx_word' id='word_1_89' title='bbox 190 1643 289 1667; x_wconf 69' lang='lat' dir='ltr'>mmen</span> <span class='ocrx_word' id='word_1_90' title='bbox 318 1647 387 1667; x_wconf 90' lang='lat' dir='ltr'>cum</span> <span class='ocrx_word' id='word_1_91' title='bbox 416 1636 487 1668; x_wconf 85' lang='lat' dir='ltr'>Vet.</span> <span class='ocrx_word' id='word_1_92' title='bbox 514 1636 617 1668; x_wconf 88' lang='lat' dir='ltr'>Schol.</span> <span class='ocrx_word' id='word_1_93' title='bbox 647 1637 775 1680; x_wconf 84' lang='lat' dir='ltr'>legerem</span> <span class='ocrx_word' id='word_1_94' title='bbox 804 1638 935 1670; x_wconf 84' lang='lat' dir='ltr'>muneris</span> 
     </span>
     <span class='ocr_line' id='line_1_20' title="bbox 191 1679 936 1721; baseline 0.003 -12"><span class='ocrx_word' id='word_1_95' title='bbox 191 1689 252 1709; x_wconf 85' lang='lat' dir='ltr'>non</span> <span class='ocrx_word' id='word_1_96' title='bbox 272 1680 399 1717; x_wconf 73' lang='lat' dir='ltr'>muneri,</span> <span class='ocrx_word' id='word_1_97' title='bbox 414 1680 492 1721; x_wconf 89' lang='lat' dir='ltr'>quod</span> <span class='ocrx_word' id='word_1_98' title='bbox 514 1679 691 1716; x_wconf 83' lang='lat' dir='ltr'>Lambinus,</span> <span class='ocrx_word' id='word_1_99' title='bbox 710 1679 882 1711; x_wconf 79' lang='lat' dir='ltr'>Torrentius</span> <span class='ocrx_word' id='word_1_100' title='bbox 905 1688 936 1711; x_wconf 87' lang='lat' dir='ltr'>et</span> 
     </span>
     <span class='ocr_line' id='line_1_21' title="bbox 191 1720 934 1764; baseline 0.003 -12"><span class='ocrx_word' id='word_1_101' title='bbox 191 1720 339 1763; x_wconf 89' lang='lat' dir='ltr'>Cruquius</span> <span class='ocrx_word' id='word_1_102' title='bbox 369 1723 398 1752; x_wconf 90' lang='lat' dir='ltr'>in</span> <span class='ocrx_word' id='word_1_103' title='bbox 435 1723 494 1753; x_wconf 84' lang='lat' dir='ltr'>suis</span> <span class='ocrx_word' id='word_1_104' title='bbox 528 1721 626 1753; x_wconf 89' lang='lat' dir='ltr'>MSS.</span> <span class='ocrx_word' id='word_1_105' title='bbox 663 1723 807 1754; x_wconf 83' lang='lat' dir='ltr'>invenere.</span> <span class='ocrx_word' id='word_1_106' title='bbox 870 1722 934 1764; x_wconf 86' lang='lat' dir='ltr'>[Sic</span> 
     </span>
     <span class='ocr_line' id='line_1_22' title="bbox 190 1763 935 1806; baseline 0.003 -12"><span class='ocrx_word' id='word_1_107' title='bbox 190 1765 279 1794; x_wconf 84' lang='lat' dir='ltr'>etiam</span> <span class='ocrx_word' id='word_1_108' title='bbox 308 1764 354 1795; x_wconf 92' lang='lat' dir='ltr'>ed.</span> <span class='ocrx_word' id='word_1_109' title='bbox 384 1763 454 1797; x_wconf 85' lang='lat' dir='ltr'>Zar.</span> <span class='ocrx_word' id='word_1_110' title='bbox 483 1772 513 1796; x_wconf 92' lang='lat' dir='ltr'>et</span> <span class='ocrx_word' id='word_1_111' title='bbox 542 1765 610 1796; x_wconf 90' lang='lat' dir='ltr'>coll.</span> <span class='ocrx_word' id='word_1_112' title='bbox 640 1763 722 1806; x_wconf 84' lang='lat' dir='ltr'>Sax.]</span> <span class='ocrx_word' id='word_1_113' title='bbox 767 1764 824 1796; x_wconf 87' lang='lat' dir='ltr'>Est</span> <span class='ocrx_word' id='word_1_114' title='bbox 856 1766 935 1796; x_wconf 89' lang='lat' dir='ltr'>enim</span> 
     </span>
     <span class='ocr_line' id='line_1_23' title="bbox 190 1807 935 1850; baseline 0.003 -13"><span class='ocrx_word' id='word_1_115' title='bbox 190 1809 433 1849; x_wconf 66' lang='lat' dir='ltr'>ngoveagantvvi,</span> <span class='ocrx_word' id='word_1_116' title='bbox 456 1807 515 1838; x_wconf 85' lang='lat' dir='ltr'>sive</span> <span class='ocrx_word' id='word_1_117' title='bbox 543 1808 715 1850; x_wconf 80' lang='lat' dir='ltr'>praepamtio</span> <span class='ocrx_word' id='word_1_118' title='bbox 737 1808 872 1848; x_wconf 76' lang='lat' dir='ltr'>quaedam</span> <span class='ocrx_word' id='word_1_119' title='bbox 897 1809 935 1839; x_wconf 81' lang='lat' dir='ltr'>ad</span> 
     </span>
     <span class='ocr_line' id='line_1_24' title="bbox 189 1849 934 1890; baseline 0.001 -10"><span class='ocrx_word' id='word_1_120' title='bbox 189 1851 349 1890; x_wconf 76' lang='lat' dir='ltr'>sequentia.</span> <span class='ocrx_word' id='word_1_121' title='bbox 392 1849 486 1885; x_wconf 75' lang='lat' dir='ltr'>Quasi</span> <span class='ocrx_word' id='word_1_122' title='bbox 506 1850 626 1888; x_wconf 84' lang='lat' dir='ltr'>diceret,</span> <span class='ocrx_word' id='word_1_123' title='bbox 648 1859 710 1881; x_wconf 90' lang='lat' dir='ltr'>non</span> <span class='ocrx_word' id='word_1_124' title='bbox 724 1850 830 1881; x_wconf 84' lang='lat' dir='ltr'>audere</span> <span class='ocrx_word' id='word_1_125' title='bbox 846 1858 934 1881; x_wconf 83' lang='lat' dir='ltr'>caete-</span> 
     </span>
     <span class='ocr_line' id='line_1_25' title="bbox 189 1892 934 1934; baseline 0.004 -12"><span class='ocrx_word' id='word_1_126' title='bbox 189 1901 236 1922; x_wconf 84' lang='lat' dir='ltr'>ros</span> <span class='ocrx_word' id='word_1_127' title='bbox 251 1893 398 1934; x_wconf 71' lang='lat' dir='ltr'>praeconia</span> <span class='ocrx_word' id='word_1_128' title='bbox 422 1903 540 1923; x_wconf 85' lang='lat' dir='ltr'>suorum</span> <span class='ocrx_word' id='word_1_129' title='bbox 560 1903 717 1924; x_wconf 87' lang='lat' dir='ltr'>munemm</span> <span class='ocrx_word' id='word_1_130' title='bbox 740 1892 814 1924; x_wconf 88' lang='lat' dir='ltr'>adeo</span> <span class='ocrx_word' id='word_1_131' title='bbox 828 1894 934 1925; x_wconf 78' lang='lat' dir='ltr'>decan-</span> 
     </span>
     <span class='ocr_line' id='line_1_26' title="bbox 188 1935 934 1977; baseline 0.004 -13"><span class='ocrx_word' id='word_1_132' title='bbox 188 1941 264 1972; x_wconf 69' lang='lat' dir='ltr'>tare,</span> <span class='ocrx_word' id='word_1_133' title='bbox 300 1935 357 1965; x_wconf 91' lang='lat' dir='ltr'>uod</span> <span class='ocrx_word' id='word_1_134' title='bbox 378 1936 439 1977; x_wconf 86' lang='lat' dir='ltr'>ipse</span> <span class='ocrx_word' id='word_1_135' title='bbox 461 1935 498 1966; x_wconf 93' lang='lat' dir='ltr'>de</span> <span class='ocrx_word' id='word_1_136' title='bbox 521 1946 575 1966; x_wconf 86' lang='lat' dir='ltr'>suo</span> <span class='ocrx_word' id='word_1_137' title='bbox 588 1946 709 1966; x_wconf 89' lang='lat' dir='ltr'>munere</span> <span class='ocrx_word' id='word_1_138' title='bbox 724 1936 787 1976; x_wconf 89' lang='lat' dir='ltr'>jam</span> <span class='ocrx_word' id='word_1_139' title='bbox 806 1935 934 1967; x_wconf 71' lang='lat' dir='ltr'>factitius</span> 
     </span>
     <span class='ocr_line' id='line_1_27' title="bbox 192 1946 935 2020; baseline 0.005 -14"><span class='ocrx_word' id='word_1_140' title='bbox 192 1983 246 2007; x_wconf 85' lang='lat' dir='ltr'>est.</span> <span class='ocrx_word' id='word_1_141' title='bbox 279 1946 373 2008; x_wconf 68' lang='lat' dir='ltr'>tldem</span> <span class='ocrx_word' id='word_1_142' title='bbox 389 1978 468 2008; x_wconf 90' lang='lat' dir='ltr'>enim</span> <span class='ocrx_word' id='word_1_143' title='bbox 483 1979 574 2009; x_wconf 79' lang='lat' dir='ltr'>dicere</span> <span class='ocrx_word' id='word_1_144' title='bbox 594 1979 725 2020; x_wconf 80' lang='lat' dir='ltr'>pretium</span> <span class='ocrx_word' id='word_1_145' title='bbox 739 1978 819 2019; x_wconf 91' lang='lat' dir='ltr'>quod</span> <span class='ocrx_word' id='word_1_146' title='bbox 841 1980 935 2010; x_wconf 85' lang='lat' dir='ltr'>dicere</span> 
     </span>
     <span class='ocr_line' id='line_1_28' title="bbox 192 2018 935 2062; baseline 0.007 -14"><span class='ocrx_word' id='word_1_147' title='bbox 192 2020 305 2056; x_wconf 84' lang='lat' dir='ltr'>laudes,</span> <span class='ocrx_word' id='word_1_148' title='bbox 329 2018 388 2051; x_wconf 88' lang='lat' dir='ltr'>hoc</span> <span class='ocrx_word' id='word_1_149' title='bbox 417 2021 494 2051; x_wconf 80' lang='lat' dir='ltr'>loco.</span> <span class='ocrx_word' id='word_1_150' title='bbox 544 2019 681 2053; x_wconf 86' lang='lat' dir='ltr'>Bentleio</span> <span class='ocrx_word' id='word_1_151' title='bbox 709 2021 801 2062; x_wconf 81' lang='lat' dir='ltr'>magis</span> <span class='ocrx_word' id='word_1_152' title='bbox 825 2021 935 2062; x_wconf 80' lang='lat' dir='ltr'>placuit</span> 
     </span>
     <span class='ocr_line' id='line_1_29' title="bbox 192 2061 933 2105; baseline 0.004 -14"><span class='ocrx_word' id='word_1_153' title='bbox 192 2061 358 2092; x_wconf 75' lang='lat' dir='ltr'>inusitatius</span> <span class='ocrx_word' id='word_1_154' title='bbox 382 2063 507 2093; x_wconf 86' lang='lat' dir='ltr'>muneri.</span> <span class='ocrx_word' id='word_1_155' title='bbox 529 2062 568 2094; x_wconf 90' lang='lat' dir='ltr'>B.</span> <span class='ocrx_word' id='word_1_156' title='bbox 612 2062 672 2093; x_wconf 83' lang='lat' dir='ltr'>Sed</span> <span class='ocrx_word' id='word_1_157' title='bbox 696 2073 765 2094; x_wconf 89' lang='lat' dir='ltr'>cum</span> <span class='ocrx_word' id='word_1_158' title='bbox 788 2063 933 2105; x_wconf 86' lang='lat' dir='ltr'>plerisque</span> 
     </span>
     <span class='ocr_line' id='line_1_30' title="bbox 193 2103 934 2146; baseline 0.005 -12"><span class='ocrx_word' id='word_1_159' title='bbox 193 2103 258 2134; x_wconf 91' lang='lat' dir='ltr'>edd.</span> <span class='ocrx_word' id='word_1_160' title='bbox 281 2105 378 2146; x_wconf 84' lang='lat' dir='ltr'>recepi</span> <span class='ocrx_word' id='word_1_161' title='bbox 397 2106 511 2136; x_wconf 83' lang='lat' dir='ltr'>muneri</span> <span class='ocrx_word' id='word_1_162' title='bbox 525 2105 564 2135; x_wconf 91' lang='lat' dir='ltr'>ob</span> <span class='ocrx_word' id='word_1_163' title='bbox 578 2106 779 2136; x_wconf 82' lang='lat' dir='ltr'>auctoritatem</span> <span class='ocrx_word' id='word_1_164' title='bbox 794 2106 934 2138; x_wconf 85' lang='lat' dir='ltr'>librorum</span> 
     </span>
     <span class='ocr_line' id='line_1_31' title="bbox 192 2147 936 2219; baseline 0.005 -43"><span class='ocrx_word' id='word_1_165' title='bbox 192 2152 223 2175; x_wconf 89' lang='lat' dir='ltr'>et</span> <span class='ocrx_word' id='word_1_166' title='bbox 248 2156 349 2219; x_wconf 62' lang='grc' dir='ltr'>εειιεέε</span> <span class='ocrx_word' id='word_1_167' title='bbox 374 2147 567 2190; x_wconf 76' lang='lat' dir='ltr'>elegantiam:</span> <span class='ocrx_word' id='word_1_168' title='bbox 600 2158 670 2178; x_wconf 78' lang='lat' dir='ltr'>nam</span> <span class='ocrx_word' id='word_1_169' title='bbox 695 2148 786 2179; x_wconf 81' lang='lat' dir='ltr'>dicere</span> <span class='ocrx_word' id='word_1_170' title='bbox 809 2156 854 2179; x_wconf 90' lang='lat' dir='ltr'>est</span> <span class='ocrx_word' id='word_1_171' title='bbox 878 2156 936 2180; x_wconf 67' lang='lat' dir='ltr'>stn-</span> 
     </span>
     <span class='ocr_line' id='line_1_32' title="bbox 192 2194 345 2219; baseline 0.013 -2"><span class='ocrx_word' id='word_1_172' title='bbox 192 2194 285 2219; x_wconf 76' lang='lat' dir='ltr'>tuel’e.</span> <span class='ocrx_word' id='word_1_173' title='bbox 339 2212 345 2219; x_wconf 90' lang='lat'>.</span> 
     </span>
    </p>

    <p class='ocr_par' dir='ltr' id='par_1_15' title="bbox 191 2231 527 2347">
     <span class='ocr_line' id='line_1_33' title="bbox 237 2231 527 2262; baseline 0.007 -2"><span class='ocrx_word' id='word_1_174' title='bbox 237 2236 273 2261; x_wconf 78' lang='lat'>13</span> <span class='ocrx_word' id='word_1_175' title='bbox 298 2231 429 2262; x_wconf 74' lang='lat' dir='ltr'>Publicis</span> <span class='ocrx_word' id='word_1_176' title='bbox 450 2232 527 2262; x_wconf 65' lang='lat' dir='ltr'>notis</span> 
     </span>
     <span class='ocr_line' id='line_1_34' title="bbox 192 2273 492 2310; baseline 0.007 -8"><span class='ocrx_word' id='word_1_177' title='bbox 192 2273 273 2310; x_wconf 73' lang='lat' dir='ltr'>teris,</span> <span class='ocrx_word' id='word_1_178' title='bbox 302 2273 361 2304; x_wconf 85' lang='lat' dir='ltr'>sive</span> <span class='ocrx_word' id='word_1_179' title='bbox 390 2274 492 2304; x_wconf 80' lang='lat' dir='ltr'>titulis.</span> 
     </span>
     <span class='ocr_line' id='line_1_35' title="bbox 191 2315 385 2347; baseline 0.01 -3"><span class='ocrx_word' id='word_1_180' title='bbox 191 2315 286 2345; x_wconf 70' lang='lat' dir='ltr'>literis</span> <span class='ocrx_word' id='word_1_181' title='bbox 307 2323 385 2347; x_wconf 87' lang='lat' dir='ltr'>sunt.</span> 
     </span>
    </p>

    <p class='ocr_par' dir='ltr' id='par_1_16' title="bbox 178 2356 933 3039">
     <span class='ocr_line' id='line_1_36' title="bbox 235 2356 933 2400; baseline 0.003 -13"><span class='ocrx_word' id='word_1_182' title='bbox 235 2364 273 2388; x_wconf 83' lang='grc'>18</span> <span class='ocrx_word' id='word_1_183' title='bbox 297 2356 417 2388; x_wconf 79' lang='lat' dir='ltr'>Nollem</span> <span class='ocrx_word' id='word_1_184' title='bbox 432 2356 585 2388; x_wconf 77' lang='lat' dir='ltr'>Bentleius</span> <span class='ocrx_word' id='word_1_185' title='bbox 600 2358 641 2388; x_wconf 76' lang='lat' dir='ltr'>ita</span> <span class='ocrx_word' id='word_1_186' title='bbox 661 2368 692 2388; x_wconf 87' lang='lat' dir='ltr'>se</span> <span class='ocrx_word' id='word_1_187' title='bbox 709 2358 841 2388; x_wconf 79' lang='lat' dir='ltr'>turbaret</span> <span class='ocrx_word' id='word_1_188' title='bbox 854 2359 933 2400; x_wconf 90' lang='lat' dir='ltr'>quod</span> 
     </span>
     <span class='ocr_line' id='line_1_37' title="bbox 190 2397 932 2441; baseline 0.004 -11"><span class='ocrx_word' id='word_1_189' title='bbox 190 2397 331 2430; x_wconf 79' lang='lat' dir='ltr'>Horatius</span> <span class='ocrx_word' id='word_1_190' title='bbox 345 2399 518 2441; x_wconf 80' lang='lat' dir='ltr'>Scipionum</span> <span class='ocrx_word' id='word_1_191' title='bbox 540 2408 606 2431; x_wconf 73' lang='lat' dir='ltr'>acta</span> <span class='ocrx_word' id='word_1_192' title='bbox 627 2401 658 2430; x_wconf 89' lang='lat' dir='ltr'>in</span> <span class='ocrx_word' id='word_1_193' title='bbox 673 2411 766 2430; x_wconf 89' lang='lat' dir='ltr'>unum</span> <span class='ocrx_word' id='word_1_194' title='bbox 790 2400 851 2431; x_wconf 86' lang='lat' dir='ltr'>fere</span> <span class='ocrx_word' id='word_1_195' title='bbox 865 2407 932 2433; x_wconf 65' lang='lat' dir='ltr'>coe-</span> 
     </span>
     <span class='ocr_line' id='line_1_38' title="bbox 188 2440 932 2484; baseline 0.004 -12"><span class='ocrx_word' id='word_1_196' title='bbox 188 2443 277 2483; x_wconf 82' lang='lat' dir='ltr'>gerit,</span> <span class='ocrx_word' id='word_1_197' title='bbox 288 2440 400 2473; x_wconf 87' lang='lat' dir='ltr'>Poetici</span> <span class='ocrx_word' id='word_1_198' title='bbox 413 2442 579 2484; x_wconf 88' lang='lat' dir='ltr'>compendii</span> <span class='ocrx_word' id='word_1_199' title='bbox 594 2442 748 2473; x_wconf 80' lang='lat' dir='ltr'>studiosus.</span> <span class='ocrx_word' id='word_1_200' title='bbox 784 2442 872 2474; x_wconf 82' lang='lat' dir='ltr'>Certe</span> <span class='ocrx_word' id='word_1_201' title='bbox 886 2445 932 2476; x_wconf 86' lang='lat' dir='ltr'>vel</span> 
     </span>
     <span class='ocr_line' id='line_1_39' title="bbox 189 2483 930 2527; baseline 0.003 -12"><span class='ocrx_word' id='word_1_202' title='bbox 189 2485 312 2515; x_wconf 83' lang='lat' dir='ltr'>summis</span> <span class='ocrx_word' id='word_1_203' title='bbox 325 2483 426 2515; x_wconf 82' lang='lat' dir='ltr'>Poetis</span> <span class='ocrx_word' id='word_1_204' title='bbox 436 2485 579 2525; x_wconf 89' lang='lat' dir='ltr'>ejusmodi</span> <span class='ocrx_word' id='word_1_205' title='bbox 590 2483 793 2527; x_wconf 72' lang='grc' dir='ltr'><strong><em>Ἀνιστοςησ-ίαι</em></strong></span> <span class='ocrx_word' id='word_1_206' title='bbox 807 2486 869 2515; x_wconf 83' lang='lat' dir='ltr'>leve</span> <span class='ocrx_word' id='word_1_207' title='bbox 879 2486 930 2517; x_wconf 84' lang='lat' dir='ltr'>ad-</span> 
     </span>
     <span class='ocr_line' id='line_1_40' title="bbox 187 2526 930 2560; baseline 0.003 -2"><span class='ocrx_word' id='word_1_208' title='bbox 187 2527 310 2558; x_wconf 90' lang='lat' dir='ltr'>modum</span> <span class='ocrx_word' id='word_1_209' title='bbox 325 2535 369 2558; x_wconf 87' lang='lat' dir='ltr'>est</span> <span class='ocrx_word' id='word_1_210' title='bbox 383 2528 505 2558; x_wconf 87' lang='lat' dir='ltr'>crimen.</span> <span class='ocrx_word' id='word_1_211' title='bbox 526 2526 564 2558; x_wconf 93' lang='lat' dir='ltr'>B.</span> <span class='ocrx_word' id='word_1_212' title='bbox 608 2527 653 2558; x_wconf 89' lang='lat' dir='ltr'>Ut</span> <span class='ocrx_word' id='word_1_213' title='bbox 674 2527 828 2559; x_wconf 88' lang='lat' dir='ltr'>Bentleius</span> <span class='ocrx_word' id='word_1_214' title='bbox 850 2527 930 2560; x_wconf 88' lang='lat' dir='ltr'>hune</span> 
     </span>
     <span class='ocr_line' id='line_1_41' title="bbox 186 2569 930 2612; baseline 0.004 -13"><span class='ocrx_word' id='word_1_215' title='bbox 186 2580 302 2600; x_wconf 86' lang='lat' dir='ltr'>versum</span> <span class='ocrx_word' id='word_1_216' title='bbox 316 2570 418 2600; x_wconf 82' lang='lat' dir='ltr'>adimit</span> <span class='ocrx_word' id='word_1_217' title='bbox 432 2569 569 2607; x_wconf 76' lang='lat' dir='ltr'>Horatio,</span> <span class='ocrx_word' id='word_1_218' title='bbox 583 2571 623 2600; x_wconf 82' lang='lat' dir='ltr'>ita</span> <span class='ocrx_word' id='word_1_219' title='bbox 636 2578 755 2612; x_wconf 88' lang='lat' dir='ltr'>propter</span> <span class='ocrx_word' id='word_1_220' title='bbox 773 2570 854 2601; x_wconf 87' lang='lat' dir='ltr'>hunc</span> <span class='ocrx_word' id='word_1_221' title='bbox 867 2582 930 2602; x_wconf 87' lang='lat' dir='ltr'>ver-</span> 
     </span>
     <span class='ocr_line' id='line_1_42' title="bbox 187 2611 930 2652; baseline 0.003 -10"><span class='ocrx_word' id='word_1_222' title='bbox 187 2619 357 2643; x_wconf 71' lang='lat' dir='ltr'>sumtomm</span> <span class='ocrx_word' id='word_1_223' title='bbox 378 2611 465 2644; x_wconf 80' lang='lat' dir='ltr'>oden</span> <span class='ocrx_word' id='word_1_224' title='bbox 479 2613 626 2652; x_wconf 72' lang='lat' dir='ltr'>abjudicat</span> <span class='ocrx_word' id='word_1_225' title='bbox 645 2612 825 2644; x_wconf 78' lang='lat' dir='ltr'>Harduinus.</span> <span class='ocrx_word' id='word_1_226' title='bbox 867 2612 930 2644; x_wconf 89' lang='lat' dir='ltr'>Sed</span> 
     </span>
     <span class='ocr_line' id='line_1_43' title="bbox 185 2655 928 2697; baseline 0.004 -12"><span class='ocrx_word' id='word_1_227' title='bbox 185 2662 291 2696; x_wconf 69' lang='lat' dir='ltr'>praeter</span> <span class='ocrx_word' id='word_1_228' title='bbox 314 2662 466 2697; x_wconf 76' lang='lat' dir='ltr'>poetarum</span> <span class='ocrx_word' id='word_1_229' title='bbox 484 2655 643 2693; x_wconf 86' lang='lat' dir='ltr'>licentiam,</span> <span class='ocrx_word' id='word_1_230' title='bbox 658 2655 693 2686; x_wconf 77' lang='lat' dir='ltr'>ad</span> <span class='ocrx_word' id='word_1_231' title='bbox 719 2666 808 2697; x_wconf 78' lang='lat' dir='ltr'>quam</span> <span class='ocrx_word' id='word_1_232' title='bbox 828 2656 928 2688; x_wconf 88' lang='lat' dir='ltr'>retulit</span> 
     </span>
     <span class='ocr_line' id='line_1_44' title="bbox 186 2696 928 2741; baseline 0.003 -13"><span class='ocrx_word' id='word_1_233' title='bbox 186 2696 256 2728; x_wconf 78' lang='lat' dir='ltr'>dim</span> <span class='ocrx_word' id='word_1_234' title='bbox 278 2696 355 2728; x_wconf 78' lang='lat' dir='ltr'>haue</span> <span class='ocrx_word' id='word_1_235' title='bbox 385 2698 538 2741; x_wconf 70' lang='grc' dir='ltr'>σύγχυσιν</span> <span class='ocrx_word' id='word_1_236' title='bbox 560 2697 603 2729; x_wconf 89' lang='lat' dir='ltr'>H.</span> <span class='ocrx_word' id='word_1_237' title='bbox 623 2697 797 2736; x_wconf 75' lang='lat' dir='ltr'>Glareanus,</span> <span class='ocrx_word' id='word_1_238' title='bbox 821 2706 928 2740; x_wconf 78' lang='lat' dir='ltr'>praeter</span> 
     </span>
     <span class='ocr_line' id='line_1_45' title="bbox 184 2739 925 2782; baseline 0.004 -12"><span class='ocrx_word' id='word_1_239' title='bbox 184 2739 319 2771; x_wconf 69' lang='lat' dir='ltr'>ivzcerulia</span> <span class='ocrx_word' id='word_1_240' title='bbox 332 2748 502 2779; x_wconf 65' lang='lat' dir='ltr'>castrorum,</span> <span class='ocrx_word' id='word_1_241' title='bbox 516 2741 553 2771; x_wconf 90' lang='lat' dir='ltr'>de</span> <span class='ocrx_word' id='word_1_242' title='bbox 577 2740 685 2782; x_wconf 89' lang='lat' dir='ltr'>quibus</span> <span class='ocrx_word' id='word_1_243' title='bbox 705 2740 771 2772; x_wconf 87' lang='lat' dir='ltr'>Liv.</span> <span class='ocrx_word' id='word_1_244' title='bbox 784 2746 837 2772; x_wconf 80' lang='grc'>30.</span> <span class='ocrx_word' id='word_1_245' title='bbox 853 2748 871 2772; x_wconf 86' lang='grc'><strong>5</strong></span> <span class='ocrx_word' id='word_1_246' title='bbox 894 2749 925 2773; x_wconf 82' lang='lat' dir='ltr'>et</span> 
     </span>
     <span class='ocr_line' id='line_1_46' title="bbox 186 2782 923 2824; baseline 0.004 -12"><span class='ocrx_word' id='word_1_247' title='bbox 186 2785 220 2819; x_wconf 72' lang='grc' dir='ltr'>ὃς</span> <span class='ocrx_word' id='word_1_248' title='bbox 250 2782 424 2824; x_wconf 80' lang='lat' dir='ltr'>cogitemus,</span> <span class='ocrx_word' id='word_1_249' title='bbox 449 2784 601 2815; x_wconf 86' lang='lat' dir='ltr'>neminem</span> <span class='ocrx_word' id='word_1_250' title='bbox 622 2783 803 2815; x_wconf 84' lang='lat' dir='ltr'>offensurum</span> <span class='ocrx_word' id='word_1_251' title='bbox 821 2782 923 2823; x_wconf 86' lang='lat' dir='ltr'>fuisse,</span> 
     </span>
     <span class='ocr_line' id='line_1_47' title="bbox 182 2825 923 2906; baseline 0.003 -9"><span class='ocrx_word' id='word_1_252' title='bbox 182 2834 295 2897; x_wconf 55' lang='lat' dir='ltr'>:3ssss</span> <span class='ocrx_word' id='word_1_253' title='bbox 308 2825 873 2906; x_wconf 44' lang='lat' dir='ltr'>&amp;fimgffirm</span> <span class='ocrx_word' id='word_1_254' title='bbox 880 2826 923 2900; x_wconf 65' lang='lat'>¹1³:</span> 
     </span>
     <span class='ocr_line' id='line_1_48' title="bbox 180 2907 920 2952; baseline 0.005 -14"><span class='ocrx_word' id='word_1_255' title='bbox 180 2907 201 2939; x_wconf 89' lang='lat' dir='ltr'>l.</span> <span class='ocrx_word' id='word_1_256' title='bbox 230 2907 404 2948; x_wconf 72' lang='lat' dir='ltr'>Lambinm,</span> <span class='ocrx_word' id='word_1_257' title='bbox 426 2910 609 2949; x_wconf 83' lang='lat' dir='ltr'>Torrentius,</span> <span class='ocrx_word' id='word_1_258' title='bbox 676 2912 810 2942; x_wconf 75' lang='lat' dir='ltr'>arcilius:</span> <span class='ocrx_word' id='word_1_259' title='bbox 840 2913 920 2952; x_wconf 91' lang='lat' dir='ltr'>quod</span> 
     </span>
     <span class='ocr_line' id='line_1_49' title="bbox 181 2950 919 2993; baseline 0.009 -13"><span class='ocrx_word' id='word_1_260' title='bbox 181 2961 250 2981; x_wconf 86' lang='lat' dir='ltr'>vero</span> <span class='ocrx_word' id='word_1_261' title='bbox 262 2950 312 2982; x_wconf 72' lang='lat' dir='ltr'>illa</span> <span class='ocrx_word' id='word_1_262' title='bbox 324 2951 503 2984; x_wconf 72' lang='lat' dir='ltr'>distributiva</span> <span class='ocrx_word' id='word_1_263' title='bbox 514 2954 628 2984; x_wconf 75' lang='lat' dir='ltr'>mione</span> <span class='ocrx_word' id='word_1_264' title='bbox 647 2965 718 2985; x_wconf 87' lang='lat' dir='ltr'>usus</span> <span class='ocrx_word' id='word_1_265' title='bbox 731 2961 787 2991; x_wconf 85' lang='lat' dir='ltr'>est,</span> <span class='ocrx_word' id='word_1_266' title='bbox 800 2953 863 2993; x_wconf 79' lang='lat' dir='ltr'>ejus</span> <span class='ocrx_word' id='word_1_267' title='bbox 877 2956 919 2986; x_wconf 92' lang='lat' dir='ltr'>rei</span> 
     </span>
     <span class='ocr_line' id='line_1_50' title="bbox 178 2993 919 3039; baseline 0.007 -15"><span class='ocrx_word' id='word_1_268' title='bbox 178 2993 253 3024; x_wconf 63' lang='lat' dir='ltr'>ratio</span> <span class='ocrx_word' id='word_1_269' title='bbox 265 2993 388 3034; x_wconf 80' lang='lat' dir='ltr'>videtur,</span> <span class='ocrx_word' id='word_1_270' title='bbox 408 2996 487 3038; x_wconf 88' lang='lat' dir='ltr'>quod</span> <span class='ocrx_word' id='word_1_271' title='bbox 506 2996 595 3028; x_wconf 81' lang='lat' dir='ltr'>unius</span> <span class='ocrx_word' id='word_1_272' title='bbox 615 3003 744 3037; x_wconf 77' lang='lat' dir='ltr'>tantum,</span> <span class='ocrx_word' id='word_1_273' title='bbox 763 2996 919 3039; x_wconf 71' lang='lat' dir='ltr'>superioris</span> 
     </span>
    </p>
   </div>
   <div class='ocr_carea' id='block_1_10' title="bbox 782 2233 935 2318">
    <p class='ocr_par' dir='ltr' id='par_1_17' title="bbox 782 2233 935 2318">
     <span class='ocr_line' id='line_1_51' title="bbox 795 2233 935 2281; baseline 0.014 -19"><span class='ocrx_word' id='word_1_274' title='bbox 795 2233 876 2281; x_wconf 65' lang='lat' dir='ltr'>blicis</span> <span class='ocrx_word' id='word_1_275' title='bbox 897 2235 935 2264; x_wconf 86' lang='lat' dir='ltr'>li-</span> 
     </span>
     <span class='ocr_line' id='line_1_52' title="bbox 782 2283 935 2318; baseline 0.02 -14"><span class='ocrx_word' id='word_1_276' title='bbox 782 2283 856 2305; x_wconf 85' lang='lat' dir='ltr'>oeus</span> <span class='ocrx_word' id='word_1_277' title='bbox 880 2286 935 2318; x_wconf 86' lang='lat' dir='ltr'>pro</span> 
     </span>
    </p>
   </div>
   <div class='ocr_carea' id='block_1_11' title="bbox 579 2231 734 2304">
    <p class='ocr_par' dir='ltr' id='par_1_18' title="bbox 579 2231 734 2304">
     <span class='ocr_line' id='line_1_53' title="bbox 622 2231 719 2272; baseline 0.01 -11"><span class='ocrx_word' id='word_1_278' title='bbox 622 2231 645 2261; x_wconf 82' lang='lat' dir='ltr'>‘t</span> <span class='ocrx_word' id='word_1_279' title='bbox 666 2241 719 2272; x_wconf 87' lang='lat' dir='ltr'>pro</span> 
     </span>
     <span class='ocr_line' id='line_1_54' title="bbox 579 2278 734 2304; baseline -0.006 0"><span class='ocrx_word' id='word_1_280' title='bbox 579 2284 628 2304; x_wconf 89' lang='lat' dir='ltr'>am</span> <span class='ocrx_word' id='word_1_281' title='bbox 657 2278 734 2304; x_wconf 61' lang='grc' dir='ltr'>ποια</span> 
     </span>
    </p>
   </div>
   <div class='ocr_carea' id='block_1_12' title="bbox 961 1633 1728 2944">
    <p class='ocr_par' dir='ltr' id='par_1_19' title="bbox 973 1633 1724 2143">
     <span class='ocr_line' id='line_1_55' title="bbox 978 1633 1722 1680; baseline -0.008 -11"><span class='ocrx_word' id='word_1_282' title='bbox 978 1648 1097 1680; x_wconf 90' lang='lat' dir='ltr'>nempe,</span> <span class='ocrx_word' id='word_1_283' title='bbox 1125 1635 1260 1668; x_wconf 76' lang='lat' dir='ltr'>Africani</span> <span class='ocrx_word' id='word_1_284' title='bbox 1288 1633 1388 1664; x_wconf 88' lang='lat' dir='ltr'>laudes</span> <span class='ocrx_word' id='word_1_285' title='bbox 1422 1645 1508 1664; x_wconf 87' lang='lat' dir='ltr'>suum</span> <span class='ocrx_word' id='word_1_286' title='bbox 1543 1643 1722 1675; x_wconf 78' lang='lat' dir='ltr'>praeconem,</span> 
     </span>
     <span class='ocr_line' id='line_1_56' title="bbox 976 1675 1722 1718; baseline -0.008 -6"><span class='ocrx_word' id='word_1_287' title='bbox 976 1680 1122 1718; x_wconf 88' lang='lat' dir='ltr'>Ennium,</span> <span class='ocrx_word' id='word_1_288' title='bbox 1145 1681 1325 1710; x_wconf 81' lang='lat' dir='ltr'>invenerant.</span> <span class='ocrx_word' id='word_1_289' title='bbox 1366 1675 1457 1707; x_wconf 77' lang='lat' dir='ltr'>Facta</span> <span class='ocrx_word' id='word_1_290' title='bbox 1482 1676 1630 1717; x_wconf 84' lang='lat' dir='ltr'>utriusque</span> <span class='ocrx_word' id='word_1_291' title='bbox 1654 1675 1722 1706; x_wconf 84' lang='lat' dir='ltr'>Sci-</span> 
     </span>
     <span class='ocr_line' id='line_1_57' title="bbox 976 1718 1723 1765; baseline -0.008 -11"><span class='ocrx_word' id='word_1_292' title='bbox 976 1724 1073 1765; x_wconf 81' lang='lat' dir='ltr'>pionis</span> <span class='ocrx_word' id='word_1_293' title='bbox 1098 1722 1230 1754; x_wconf 80' lang='lat' dir='ltr'>Africani</span> <span class='ocrx_word' id='word_1_294' title='bbox 1254 1730 1315 1751; x_wconf 88' lang='lat' dir='ltr'>non</span> <span class='ocrx_word' id='word_1_295' title='bbox 1339 1719 1443 1749; x_wconf 85' lang='lat' dir='ltr'>clarius</span> <span class='ocrx_word' id='word_1_296' title='bbox 1467 1719 1598 1750; x_wconf 85' lang='lat' dir='ltr'>indicant</span> <span class='ocrx_word' id='word_1_297' title='bbox 1621 1718 1723 1749; x_wconf 79' lang='lat' dir='ltr'>laudes</span> 
     </span>
     <span class='ocr_line' id='line_1_58' title="bbox 977 1760 1724 1807; baseline -0.008 -10"><span class='ocrx_word' id='word_1_298' title='bbox 977 1764 1040 1807; x_wconf 63' lang='lat' dir='ltr'>q&#39;us</span> <span class='ocrx_word' id='word_1_299' title='bbox 1069 1764 1310 1807; x_wconf 75' lang='lat' dir='ltr'>(uniuscujusque</span> <span class='ocrx_word' id='word_1_300' title='bbox 1338 1760 1467 1803; x_wconf 88' lang='lat' dir='ltr'>illorum)</span> <span class='ocrx_word' id='word_1_301' title='bbox 1494 1772 1583 1802; x_wconf 84' lang='lat' dir='ltr'>quam</span> <span class='ocrx_word' id='word_1_302' title='bbox 1607 1760 1724 1792; x_wconf 86' lang='lat' dir='ltr'>Ennius</span> 
     </span>
     <span class='ocr_line' id='line_1_59' title="bbox 976 1803 1723 1846; baseline -0.007 -7"><span class='ocrx_word' id='word_1_303' title='bbox 976 1809 1087 1840; x_wconf 82' lang='lat' dir='ltr'>indicat</span> <span class='ocrx_word' id='word_1_304' title='bbox 1112 1816 1142 1839; x_wconf 84' lang='lat' dir='ltr'>et</span> <span class='ocrx_word' id='word_1_305' title='bbox 1168 1812 1318 1838; x_wconf 75' lang='lat' dir='ltr'>conservat</span> <span class='ocrx_word' id='word_1_306' title='bbox 1341 1804 1443 1835; x_wconf 84' lang='lat' dir='ltr'>laudes</span> <span class='ocrx_word' id='word_1_307' title='bbox 1462 1803 1595 1835; x_wconf 74' lang='lat' dir='ltr'>Africani</span> <span class='ocrx_word' id='word_1_308' title='bbox 1609 1804 1723 1846; x_wconf 84' lang='lat' dir='ltr'>prioris.</span> 
     </span>
     <span class='ocr_line' id='line_1_60' title="bbox 977 1847 1722 1894; baseline -0.008 -12"><span class='ocrx_word' id='word_1_309' title='bbox 977 1852 1131 1894; x_wconf 83' lang='lat' dir='ltr'>Impendia</span> <span class='ocrx_word' id='word_1_310' title='bbox 1147 1848 1350 1890; x_wconf 79' lang='lat' dir='ltr'>Carthaginis,</span> <span class='ocrx_word' id='word_1_311' title='bbox 1365 1848 1385 1879; x_wconf 87' lang='lat' dir='ltr'>i.</span> <span class='ocrx_word' id='word_1_312' title='bbox 1399 1847 1509 1878; x_wconf 75' lang='lat' dir='ltr'>tributa</span> <span class='ocrx_word' id='word_1_313' title='bbox 1522 1847 1593 1889; x_wconf 87' lang='lat' dir='ltr'>reip.</span> <span class='ocrx_word' id='word_1_314' title='bbox 1608 1847 1650 1877; x_wconf 92' lang='lat' dir='ltr'>illi</span> <span class='ocrx_word' id='word_1_315' title='bbox 1666 1847 1722 1877; x_wconf 87' lang='lat' dir='ltr'>im-</span> 
     </span>
     <span class='ocr_line' id='line_1_61' title="bbox 975 1889 1723 1936; baseline -0.009 -10"><span class='ocrx_word' id='word_1_316' title='bbox 975 1895 1081 1936; x_wconf 80' lang='lat' dir='ltr'>posita,</span> <span class='ocrx_word' id='word_1_317' title='bbox 1096 1894 1211 1936; x_wconf 83' lang='lat' dir='ltr'>placere</span> <span class='ocrx_word' id='word_1_318' title='bbox 1231 1891 1420 1933; x_wconf 77' lang='lat' dir='ltr'>Cuningmno</span> <span class='ocrx_word' id='word_1_319' title='bbox 1443 1897 1475 1921; x_wconf 87' lang='lat' dir='ltr'>et</span> <span class='ocrx_word' id='word_1_320' title='bbox 1497 1889 1666 1927; x_wconf 76' lang='lat' dir='ltr'>Sanadono,</span> <span class='ocrx_word' id='word_1_321' title='bbox 1682 1900 1723 1919; x_wconf 74' lang='grc' dir='ltr'>εε-</span> 
     </span>
     <span class='ocr_line' id='line_1_62' title="bbox 975 1931 1724 1978; baseline -0.008 -10"><span class='ocrx_word' id='word_1_322' title='bbox 975 1947 1036 1978; x_wconf 90' lang='lat' dir='ltr'>quo</span> <span class='ocrx_word' id='word_1_323' title='bbox 1056 1937 1158 1968; x_wconf 84' lang='lat' dir='ltr'>animo</span> <span class='ocrx_word' id='word_1_324' title='bbox 1172 1935 1325 1966; x_wconf 86' lang='lat' dir='ltr'>ferendum</span> <span class='ocrx_word' id='word_1_325' title='bbox 1350 1940 1413 1970; x_wconf 80' lang='lat' dir='ltr'>est3</span> <span class='ocrx_word' id='word_1_326' title='bbox 1436 1932 1488 1963; x_wconf 84' lang='lat' dir='ltr'>sed</span> <span class='ocrx_word' id='word_1_327' title='bbox 1501 1933 1591 1963; x_wconf 81' lang='lat' dir='ltr'>etiam</span> <span class='ocrx_word' id='word_1_328' title='bbox 1605 1931 1676 1969; x_wconf 83' lang='lat' dir='ltr'>hoc,</span> <span class='ocrx_word' id='word_1_329' title='bbox 1698 1932 1724 1963; x_wconf 86' lang='lat' dir='ltr'>si</span> 
     </span>
     <span class='ocr_line' id='line_1_63' title="bbox 975 1975 1723 2021; baseline -0.007 -11"><span class='ocrx_word' id='word_1_330' title='bbox 975 1979 1038 2010; x_wconf 81' lang='lat' dir='ltr'>aliis</span> <span class='ocrx_word' id='word_1_331' title='bbox 1057 1990 1118 2010; x_wconf 89' lang='lat' dir='ltr'>non</span> <span class='ocrx_word' id='word_1_332' title='bbox 1132 1979 1275 2021; x_wconf 76' lang='lat' dir='ltr'>placeant.</span> <span class='ocrx_word' id='word_1_333' title='bbox 1317 1975 1438 2007; x_wconf 82' lang='lat' dir='ltr'>Caesura</span> <span class='ocrx_word' id='word_1_334' title='bbox 1458 1976 1489 2006; x_wconf 89' lang='lat' dir='ltr'>in</span> <span class='ocrx_word' id='word_1_335' title='bbox 1503 1986 1574 2006; x_wconf 85' lang='lat' dir='ltr'>voce</span> <span class='ocrx_word' id='word_1_336' title='bbox 1593 1975 1723 2007; x_wconf 83' lang='lat' dir='ltr'>Cartha-</span> 
     </span>
     <span class='ocr_line' id='line_1_64' title="bbox 973 2017 1724 2062; baseline -0.007 -9"><span class='ocrx_word' id='word_1_337' title='bbox 973 2023 1054 2062; x_wconf 80' lang='lat' dir='ltr'>ginis</span> <span class='ocrx_word' id='word_1_338' title='bbox 1077 2022 1203 2053; x_wconf 78' lang='lat' dir='ltr'>insolita.</span> <span class='ocrx_word' id='word_1_339' title='bbox 1251 2019 1312 2051; x_wconf 93' lang='lat' dir='ltr'>Sed</span> <span class='ocrx_word' id='word_1_340' title='bbox 1331 2019 1397 2060; x_wconf 87' lang='lat' dir='ltr'>quis</span> <span class='ocrx_word' id='word_1_341' title='bbox 1417 2018 1538 2049; x_wconf 78' lang='lat' dir='ltr'>damnet</span> <span class='ocrx_word' id='word_1_342' title='bbox 1558 2018 1642 2049; x_wconf 79' lang='lat' dir='ltr'>rasa?</span> <span class='ocrx_word' id='word_1_343' title='bbox 1666 2017 1724 2048; x_wconf 69' lang='grc' dir='ltr'>ΙΕ-</span> 
     </span>
     <span class='ocr_line' id='line_1_65' title="bbox 975 2059 1720 2105; baseline -0.007 -9"><span class='ocrx_word' id='word_1_344' title='bbox 975 2075 1034 2105; x_wconf 91' lang='lat' dir='ltr'>que</span> <span class='ocrx_word' id='word_1_345' title='bbox 1049 2065 1197 2096; x_wconf 73' lang='lat' dir='ltr'>insolitam</span> <span class='ocrx_word' id='word_1_346' title='bbox 1217 2061 1346 2094; x_wconf 83' lang='lat' dir='ltr'>ostendit</span> <span class='ocrx_word' id='word_1_347' title='bbox 1370 2060 1574 2103; x_wconf 77' lang='lat' dir='ltr'>Cuningamus</span> <span class='ocrx_word' id='word_1_348' title='bbox 1599 2059 1666 2091; x_wconf 84' lang='lat' dir='ltr'>Car.</span> <span class='ocrx_word' id='word_1_349' title='bbox 1689 2067 1720 2091; x_wconf 80' lang='lat'>2.</span> 
     </span>
     <span class='ocr_line' id='line_1_66' title="bbox 979 2107 1155 2143; baseline 0 -5"><span class='ocrx_word' id='word_1_350' title='bbox 979 2114 1027 2138; x_wconf 87' lang='lat'>14.</span> <span class='ocrx_word' id='word_1_351' title='bbox 1045 2113 1094 2143; x_wconf 91' lang='lat'>17.</span> <span class='ocrx_word' id='word_1_352' title='bbox 1116 2107 1155 2138; x_wconf 94' lang='lat' dir='ltr'>G.</span> 
     </span>
    </p>

    <p class='ocr_par' dir='ltr' id='par_1_20' title="bbox 975 2144 1721 2317">
     <span class='ocr_line' id='line_1_67' title="bbox 1022 2144 1721 2183; baseline -0.007 -3"><span class='ocrx_word' id='word_1_353' title='bbox 1022 2156 1061 2183; x_wconf 86' lang='lat'>19</span> <span class='ocrx_word' id='word_1_354' title='bbox 1083 2148 1231 2180; x_wconf 82' lang='lat' dir='ltr'>Nasutulo</span> <span class='ocrx_word' id='word_1_355' title='bbox 1254 2146 1350 2179; x_wconf 82' lang='lat' dir='ltr'>Fabro</span> <span class='ocrx_word' id='word_1_356' title='bbox 1373 2157 1429 2177; x_wconf 83' lang='lat' dir='ltr'>vox</span> <span class='ocrx_word' id='word_1_357' title='bbox 1453 2147 1586 2177; x_wconf 79' lang='lat' dir='ltr'>lucratus</span> <span class='ocrx_word' id='word_1_358' title='bbox 1599 2144 1721 2176; x_wconf 87' lang='lat' dir='ltr'>humilis</span> 
     </span>
     <span class='ocr_line' id='line_1_68' title="bbox 976 2187 1720 2229; baseline -0.007 -7"><span class='ocrx_word' id='word_1_359' title='bbox 976 2191 1105 2229; x_wconf 61' lang='lat' dir='ltr'>videam</span> <span class='ocrx_word' id='word_1_360' title='bbox 1127 2192 1189 2222; x_wconf 77' lang='lat' dir='ltr'>acsi</span> <span class='ocrx_word' id='word_1_361' title='bbox 1216 2191 1341 2221; x_wconf 82' lang='lat' dir='ltr'>nesciret</span> <span class='ocrx_word' id='word_1_362' title='bbox 1366 2188 1509 2220; x_wconf 77' lang='lat' dir='ltr'>Horatius</span> <span class='ocrx_word' id='word_1_363' title='bbox 1528 2187 1648 2225; x_wconf 80' lang='lat' dir='ltr'>Latine,</span> <span class='ocrx_word' id='word_1_364' title='bbox 1662 2187 1720 2218; x_wconf 87' lang='lat' dir='ltr'>Fa-</span> 
     </span>
     <span class='ocr_line' id='line_1_69' title="bbox 975 2230 1721 2265; baseline -0.005 -2"><span class='ocrx_word' id='word_1_365' title='bbox 975 2234 1029 2264; x_wconf 87' lang='lat' dir='ltr'>ber</span> <span class='ocrx_word' id='word_1_366' title='bbox 1053 2235 1150 2265; x_wconf 81' lang='lat' dir='ltr'>sciret.</span> <span class='ocrx_word' id='word_1_367' title='bbox 1191 2233 1291 2265; x_wconf 71' lang='lat' dir='ltr'>Edam</span> <span class='ocrx_word' id='word_1_368' title='bbox 1314 2234 1344 2263; x_wconf 89' lang='lat' dir='ltr'>in</span> <span class='ocrx_word' id='word_1_369' title='bbox 1366 2232 1435 2262; x_wconf 90' lang='lat' dir='ltr'>enui</span> <span class='ocrx_word' id='word_1_370' title='bbox 1455 2230 1586 2262; x_wconf 90' lang='lat' dir='ltr'>hominis</span> <span class='ocrx_word' id='word_1_371' title='bbox 1609 2238 1654 2260; x_wconf 88' lang='lat' dir='ltr'>est</span> <span class='ocrx_word' id='word_1_372' title='bbox 1675 2230 1721 2260; x_wconf 90' lang='lat' dir='ltr'>lu-</span> 
     </span>
     <span class='ocr_line' id='line_1_70' title="bbox 975 2272 1609 2317; baseline -0.008 -10"><span class='ocrx_word' id='word_1_373' title='bbox 975 2286 1073 2314; x_wconf 79' lang='lat' dir='ltr'>crum3</span> <span class='ocrx_word' id='word_1_374' title='bbox 1096 2283 1225 2317; x_wconf 80' lang='lat' dir='ltr'>quaestus</span> <span class='ocrx_word' id='word_1_375' title='bbox 1240 2276 1336 2306; x_wconf 88' lang='lat' dir='ltr'>minus</span> <span class='ocrx_word' id='word_1_376' title='bbox 1361 2273 1477 2304; x_wconf 71' lang='lat' dir='ltr'>‘bei-alis</span> <span class='ocrx_word' id='word_1_377' title='bbox 1488 2272 1609 2303; x_wconf 80' lang='lat' dir='ltr'>videtur.</span> 
     </span>
    </p>

    <p class='ocr_par' dir='ltr' id='par_1_21' title="bbox 972 2314 1719 2569">
     <span class='ocr_line' id='line_1_71' title="bbox 1019 2314 1719 2356; baseline -0.01 -6"><span class='ocrx_word' id='word_1_378' title='bbox 1019 2325 1061 2350; x_wconf 78' lang='lat'>20</span> <span class='ocrx_word' id='word_1_379' title='bbox 1100 2319 1238 2350; x_wconf 77' lang='lat' dir='ltr'>Calabrae</span> <span class='ocrx_word' id='word_1_380' title='bbox 1273 2317 1403 2348; x_wconf 72' lang='lat' dir='ltr'>Pierides</span> <span class='ocrx_word' id='word_1_381' title='bbox 1437 2315 1558 2346; x_wconf 85' lang='lat' dir='ltr'>ridicule</span> <span class='ocrx_word' id='word_1_382' title='bbox 1586 2314 1719 2356; x_wconf 84' lang='lat' dir='ltr'>protulit,</span> 
     </span>
     <span class='ocr_line' id='line_1_72' title="bbox 974 2356 1719 2440; baseline -0.008 -6"><span class='ocrx_word' id='word_1_383' title='bbox 974 2356 1719 2440; x_wconf 44' lang='lat' dir='ltr'>Z‘sspifflsfissnissfiffiuigrssssffi‘iffnffgnffi</span> 
     </span>
     <span class='ocr_line' id='line_1_73' title="bbox 973 2424 1718 2476; baseline -0.007 0"><span class='ocrx_word' id='word_1_384' title='bbox 973 2424 1093 2476; x_wconf 54' lang='lat' dir='ltr'>Ruitim</span> <span class='ocrx_word' id='word_1_385' title='bbox 1105 2445 1252 2475; x_wconf 82' lang='lat' dir='ltr'>dicebant.</span> <span class='ocrx_word' id='word_1_386' title='bbox 1272 2443 1311 2475; x_wconf 89' lang='lat' dir='ltr'>B.</span> <span class='ocrx_word' id='word_1_387' title='bbox 1351 2442 1426 2473; x_wconf 90' lang='lat' dir='ltr'>Non</span> <span class='ocrx_word' id='word_1_388' title='bbox 1521 2449 1554 2472; x_wconf 83' lang='lat' dir='ltr'>to</span> <span class='ocrx_word' id='word_1_389' title='bbox 1570 2440 1647 2472; x_wconf 76' lang='lat' dir='ltr'>hauc</span> <span class='ocrx_word' id='word_1_390' title='bbox 1662 2452 1718 2471; x_wconf 75' lang='lat' dir='ltr'>au-</span> 
     </span>
     <span class='ocr_line' id='line_1_74' title="bbox 972 2484 1715 2523; baseline -0.001 -7"><span class='ocrx_word' id='word_1_391' title='bbox 972 2488 1170 2518; x_wconf 77' lang='lat' dir='ltr'>notationem:</span> <span class='ocrx_word' id='word_1_392' title='bbox 1193 2485 1255 2517; x_wconf 89' lang='lat' dir='ltr'>Sed</span> <span class='ocrx_word' id='word_1_393' title='bbox 1267 2485 1401 2517; x_wconf 87' lang='lat' dir='ltr'>Ennium</span> <span class='ocrx_word' id='word_1_394' title='bbox 1416 2485 1567 2515; x_wconf 73' lang='lat' dir='ltr'>Miserunt</span> <span class='ocrx_word' id='word_1_395' title='bbox 1581 2484 1715 2523; x_wconf 78' lang='lat' dir='ltr'>Calabri,</span> 
     </span>
     <span class='ocr_line' id='line_1_75' title="bbox 972 2526 1639 2569; baseline -0.004 -9"><span class='ocrx_word' id='word_1_396' title='bbox 972 2530 1081 2560; x_wconf 83' lang='lat' dir='ltr'>Rudiae</span> <span class='ocrx_word' id='word_1_397' title='bbox 1092 2539 1216 2569; x_wconf 80' lang='lat' dir='ltr'>genuere</span> <span class='ocrx_word' id='word_1_398' title='bbox 1228 2533 1351 2560; x_wconf 65' lang='lat' dir='ltr'>vetusta</span> <span class='ocrx_word' id='word_1_399' title='bbox 1366 2526 1422 2558; x_wconf 83' lang='lat' dir='ltr'>Sil.</span> <span class='ocrx_word' id='word_1_400' title='bbox 1439 2534 1488 2558; x_wconf 68' lang='lat'>12.</span> <span class='ocrx_word' id='word_1_401' title='bbox 1503 2532 1576 2562; x_wconf 73' lang='lat'>397.</span> <span class='ocrx_word' id='word_1_402' title='bbox 1597 2526 1639 2557; x_wconf 92' lang='lat' dir='ltr'>G.</span> 
     </span>
    </p>

    <p class='ocr_par' dir='ltr' id='par_1_22' title="bbox 970 2568 1717 2657">
     <span class='ocr_line' id='line_1_76' title="bbox 1014 2568 1714 2614; baseline -0.003 -12"><span class='ocrx_word' id='word_1_403' title='bbox 1014 2578 1053 2603; x_wconf 81' lang='lat'>21</span> <span class='ocrx_word' id='word_1_404' title='bbox 1078 2572 1191 2602; x_wconf 82' lang='lat' dir='ltr'>Fecen&#39;s</span> <span class='ocrx_word' id='word_1_405' title='bbox 1213 2582 1267 2614; x_wconf 84' lang='lat' dir='ltr'>per</span> <span class='ocrx_word' id='word_1_406' title='bbox 1293 2570 1457 2613; x_wconf 78' lang='lat' dir='ltr'>Enallngeu</span> <span class='ocrx_word' id='word_1_407' title='bbox 1481 2579 1615 2612; x_wconf 80' lang='lat' dir='ltr'>personae</span> <span class='ocrx_word' id='word_1_408' title='bbox 1641 2568 1714 2601; x_wconf 84' lang='lat' dir='ltr'>dicit</span> 
     </span>
     <span class='ocr_line' id='line_1_77' title="bbox 970 2614 1717 2657; baseline -0.005 -12"><span class='ocrx_word' id='word_1_409' title='bbox 970 2625 1024 2657; x_wconf 90' lang='lat' dir='ltr'>pro</span> <span class='ocrx_word' id='word_1_410' title='bbox 1027 2615 1137 2654; x_wconf 67' lang='lat' dir='ltr'>fecerit</span> <span class='ocrx_word' id='word_1_411' title='bbox 1148 2614 1263 2656; x_wconf 81' lang='lat' dir='ltr'>aliquis.</span> <span class='ocrx_word' id='word_1_412' title='bbox 1715 2621 1717 2624; x_wconf 92' lang='lat'>·</span> 
     </span>
    </p>

    <p class='ocr_par' dir='ltr' id='par_1_23' title="bbox 969 2654 1716 2773">
     <span class='ocr_line' id='line_1_78' title="bbox 1012 2654 1716 2698; baseline -0.001 -11"><span class='ocrx_word' id='word_1_413' title='bbox 1012 2664 1052 2688; x_wconf 83' lang='lat'>22</span> <span class='ocrx_word' id='word_1_414' title='bbox 1078 2655 1189 2687; x_wconf 83' lang='lat' dir='ltr'>Festive</span> <span class='ocrx_word' id='word_1_415' title='bbox 1210 2657 1283 2698; x_wconf 80' lang='lat' dir='ltr'>quid</span> <span class='ocrx_word' id='word_1_416' title='bbox 1303 2665 1357 2698; x_wconf 81' lang='lat' dir='ltr'>pm</span> <span class='ocrx_word' id='word_1_417' title='bbox 1374 2654 1516 2696; x_wconf 78' lang='lat' dir='ltr'>quantula</span> <span class='ocrx_word' id='word_1_418' title='bbox 1536 2655 1602 2686; x_wconf 81' lang='lat' dir='ltr'>res?</span> <span class='ocrx_word' id='word_1_419' title='bbox 1626 2654 1716 2690; x_wconf 71' lang='lat' dir='ltr'>Quid</span> 
     </span>
     <span class='ocr_line' id='line_1_79' title="bbox 969 2697 1710 2773; baseline -0.003 -43"><span class='ocrx_word' id='word_1_420' title='bbox 969 2701 1056 2773; x_wconf 51' lang='lat' dir='ltr'>enini,</span> <span class='ocrx_word' id='word_1_421' title='bbox 1063 2698 1208 2730; x_wconf 88' lang='lat' dir='ltr'>Romulus</span> <span class='ocrx_word' id='word_1_422' title='bbox 1220 2699 1278 2730; x_wconf 84' lang='lat' dir='ltr'>nisi</span> <span class='ocrx_word' id='word_1_423' title='bbox 1295 2705 1394 2741; x_wconf 75' lang='lat' dir='ltr'>pastor</span> <span class='ocrx_word' id='word_1_424' title='bbox 1414 2704 1446 2728; x_wconf 84' lang='lat' dir='ltr'>et</span> <span class='ocrx_word' id='word_1_425' title='bbox 1466 2697 1550 2736; x_wconf 72' lang='lat' dir='ltr'>lano,</span> <span class='ocrx_word' id='word_1_426' title='bbox 1564 2698 1621 2729; x_wconf 84' lang='lat' dir='ltr'>nisi</span> <span class='ocrx_word' id='word_1_427' title='bbox 1634 2697 1710 2729; x_wconf 71' lang='lat' dir='ltr'>fimet</span> 
     </span>
    </p>

    <p class='ocr_par' dir='ltr' id='par_1_24' title="bbox 1005 2743 1160 2773">
     <span class='ocr_line' id='line_1_80' title="bbox 1005 2743 1160 2773; baseline 0.006 -1"><span class='ocrx_word' id='word_1_428' title='bbox 1005 2753 1019 2772; x_wconf 88' lang='lat' dir='ltr'>r</span> <span class='ocrx_word' id='word_1_429' title='bbox 1056 2743 1160 2773; x_wconf 83' lang='lat' dir='ltr'>oetas?</span> 
     </span>
    </p>

    <p class='ocr_par' dir='ltr' id='par_1_25' title="bbox 963 2753 1710 2865">
     <span class='ocr_line' id='line_1_81' title="bbox 965 2753 1710 2822; baseline 0 -7"><span class='ocrx_word' id='word_1_430' title='bbox 965 2753 1048 2815; x_wconf 66' lang='lat' dir='ltr'>Pe24</span> <span class='ocrx_word' id='word_1_431' title='bbox 1072 2785 1191 2822; x_wconf 78' lang='lat' dir='ltr'>Invida,</span> <span class='ocrx_word' id='word_1_432' title='bbox 1204 2782 1262 2814; x_wconf 86' lang='lat' dir='ltr'>hoc</span> <span class='ocrx_word' id='word_1_433' title='bbox 1284 2782 1376 2814; x_wconf 74' lang='lat' dir='ltr'>donst</span> <span class='ocrx_word' id='word_1_434' title='bbox 1388 2781 1518 2814; x_wconf 84' lang='lat' dir='ltr'>Romulo</span> <span class='ocrx_word' id='word_1_435' title='bbox 1531 2782 1571 2813; x_wconf 89' lang='lat' dir='ltr'>ob</span> <span class='ocrx_word' id='word_1_436' title='bbox 1582 2782 1710 2815; x_wconf 82' lang='lat' dir='ltr'>celebri-</span> 
     </span>
     <span class='ocr_line' id='line_1_82' title="bbox 963 2826 1606 2865; baseline 0 -7"><span class='ocrx_word' id='word_1_437' title='bbox 963 2834 1054 2858; x_wconf 68' lang='lat' dir='ltr'>tatem</span> <span class='ocrx_word' id='word_1_438' title='bbox 1068 2826 1165 2858; x_wconf 81' lang='lat' dir='ltr'>famae.</span> <span class='ocrx_word' id='word_1_439' title='bbox 1602 2859 1606 2865; x_wconf 24' lang='grc' dir='ltr'><em>Δ</em></span> 
     </span>
    </p>

    <p class='ocr_par' dir='ltr' id='par_1_26' title="bbox 1006 2866 1728 2911">
     <span class='ocr_line' id='line_1_83' title="bbox 1006 2866 1728 2911; baseline -0.004 -10"><span class='ocrx_word' id='word_1_440' title='bbox 1006 2874 1047 2901; x_wconf 81' lang='lat'>26</span> <span class='ocrx_word' id='word_1_441' title='bbox 1069 2868 1188 2911; x_wconf 82' lang='lat' dir='ltr'>Proprie</span> <span class='ocrx_word' id='word_1_442' title='bbox 1202 2867 1402 2911; x_wconf 79' lang='lat' dir='ltr'>plaudentium</span> <span class='ocrx_word' id='word_1_443' title='bbox 1406 2867 1503 2908; x_wconf 80' lang='lat' dir='ltr'>favor</span> <span class='ocrx_word' id='word_1_444' title='bbox 1520 2874 1576 2907; x_wconf 80' lang='lat' dir='ltr'>est,</span> <span class='ocrx_word' id='word_1_445' title='bbox 1590 2868 1622 2899; x_wconf 86' lang='lat' dir='ltr'>in</span> <span class='ocrx_word' id='word_1_446' title='bbox 1635 2866 1705 2899; x_wconf 72' lang='lat' dir='ltr'>the-</span> <span class='ocrx_word' id='word_1_447' title='bbox 1724 2894 1728 2901; x_wconf 76' lang='grc'><strong>,</strong></span> 
     </span>
    </p>

    <p class='ocr_par' dir='ltr' id='par_1_27' title="bbox 961 2910 1702 2944">
     <span class='ocr_line' id='line_1_84' title="bbox 961 2910 1702 2944; baseline 0 -1"><span class='ocrx_word' id='word_1_448' title='bbox 961 2919 1026 2943; x_wconf 69' lang='lat' dir='ltr'>ntro</span> <span class='ocrx_word' id='word_1_449' title='bbox 1048 2912 1175 2944; x_wconf 85' lang='lat' dir='ltr'>scilicet:</span> <span class='ocrx_word' id='word_1_450' title='bbox 1201 2911 1248 2943; x_wconf 88' lang='lat' dir='ltr'>vel</span> <span class='ocrx_word' id='word_1_451' title='bbox 1269 2911 1359 2943; x_wconf 76' lang='lat' dir='ltr'>etiam</span> <span class='ocrx_word' id='word_1_452' title='bbox 1383 2910 1567 2943; x_wconf 65' lang='lat' dir='ltr'>morantium</span> <span class='ocrx_word' id='word_1_453' title='bbox 1580 2911 1613 2943; x_wconf 81' lang='lat' dir='ltr'>in</span> <span class='ocrx_word' id='word_1_454' title='bbox 1625 2917 1702 2943; x_wconf 76' lang='lat' dir='ltr'>tem-</span> 
     </span>
    </p>
   </div>
   <div class='ocr_carea' id='block_1_13' title="bbox 960 2956 1027 2999">
    <p class='ocr_par' dir='ltr' id='par_1_28' title="bbox 960 2956 1027 2999">
     <span class='ocr_line' id='line_1_85' title="bbox 960 2956 1027 2999; baseline 0 -11"><span class='ocrx_word' id='word_1_455' title='bbox 960 2956 1027 2999; x_wconf 72' lang='lat' dir='ltr'>pin.</span> 
     </span>
    </p>
   </div>
  </div>
 </body>
</html>
