1924 3458
628 325 995 371 CARMINUM
1029 326 1144 368 LIB.
1179 326 1251 370 IV.
1291 335 1356 370 12.

1667 335 1754 374 221

319 451 344 486 5
402 443 558 486 Nidum
577 441 707 498 ponit,
730 441 821 498 Ityn
839 440 1027 483 flebiliter
1043 455 1226 496 gemens,

398 516 547 558 Infelix
565 515 661 569 avis,
683 522 724 556 et
743 515 952 571 Cecropiae
971 515 1115 556 domus

398 589 616 632 AEternum
636 591 910 647 opprobrium,
932 592 1040 647 quod
1060 592 1168 633 male
1186 591 1371 633 barbaras

569 664 733 720 Regum
753 672 813 706 est
830 666 917 706 ulta
935 664 1136 708 libidines.

398 735 558 779 Dicunt
576 738 620 780 in
639 746 778 780 tenero
795 738 980 794 gramine
995 737 1213 794 pinguium

291 817 342 853 10

399 810 594 853 Custodes
613 812 750 853 ovium
771 811 952 853 carmina
971 810 1118 864 fistula,

398 883 698 941 Delectantque
715 885 852 937 deum,
871 884 938 926 cui
956 899 1080 941 pecus
1101 892 1143 927 et
1160 884 1267 941 nigri

571 959 706 1001 Colles
720 959 906 1001 Arcadiae
923 960 1100 1015 placent.

398 1032 614 1074 Adduxere
633 1032 742 1075 sitim
760 1040 956 1089 tempora,
979 1032 1150 1088 virgili:

401 1106 483 1147 Sed
500 1120 681 1161 pressum
701 1106 863 1148 Calibus
883 1106 1029 1147 ducere
1048 1106 1245 1147 Liberum

292 1184 342 1221 15

401 1178 446 1220 Si
464 1179 599 1234 gestis,
612 1177 810 1235 juvenum
831 1178 1031 1221 nobilium
1051 1178 1190 1231 cliens,

570 1253 710 1295 Nardo
727 1253 821 1294 vina
839 1254 1058 1296 merebere.

400 1326 527 1369 Nardi
546 1327 689 1383 parvus
706 1340 814 1382 onyx
831 1325 968 1367 eliciet
985 1326 1146 1378 cadum,

230 1448 270 1474 30
291 1441 386 1473 fistula
398 1441 575 1473 Delectante
588 1441 676 1472 deum
693 1441 734 1472 G.
756 1442 847 1472 Brod.
860 1442 928 1472 coll.
946 1441 1023 1472 Saae.
1038 1445 1066 1471 et
1080 1440 1153 1471 Zar.
1168 1441 1210 1472 αλ.
1231 1441 1272 1472 G.
1314 1440 1368 1472 Sic
1385 1442 1475 1473 edidit
1491 1441 1649 1474 Gema-us.
1690 1443 1753 1476 Sed

269 1486 402 1516 revocavi
415 1485 564 1516 lectionem
571 1485 707 1527 plurium
722 1489 749 1514 et
761 1485 939 1526 optimorum
952 1484 1093 1514 librorum
1108 1485 1222 1515 bonam.
1265 1484 1348 1515 Nam
1362 1485 1404 1515 sic
1424 1490 1466 1516 est
1486 1494 1578 1528 supra
1592 1486 1653 1517 ΙΙΙ.
1668 1492 1700 1518 4.
1721 1493 1751 1518 1.

271 1527 299 1558 Ι.
317 1533 366 1563 17.
385 1533 433 1558 ιε.
455 1526 495 1558 Ζ.

271 1633 289 1658 5
312 1627 460 1658 Fleldliter
469 1637 603 1667 gemens;
626 1625 728 1657 fratres
749 1633 838 1668 atque
855 1636 967 1657 sorores

227 1666 384 1701 Veteribus
397 1669 486 1700 fuisse
508 1669 676 1711 frequenter
694 1669 884 1711 cognomines
896 1668 967 1699 alias

225 1711 416 1748 ostendimus.
458 1711 559 1753 Atque
572 1710 643 1743 hinc
658 1711 776 1753 quidem
789 1710 900 1742 factum
922 1719 967 1742 est

225 1755 307 1796 quod
320 1755 411 1796 aliqui
434 1755 534 1786 dicant
547 1753 742 1786 Philomelam
764 1765 817 1797 pro
832 1753 966 1796 Progne:

225 1798 268 1828 sic
283 1805 314 1828 et
325 1796 468 1871 Virgiuuss
479 1796 556 1841 (Ecl.
572 1801 603 1828 6.
619 1797 683 1838 79.)
708 1797 792 1829 Quas
806 1798 852 1828 illi
866 1797 967 1828 Phico-

226 1841 304 1872 mela
319 1841 358 1871 da
393 1852 418 1872 s.
470 1863 477 1871 .

268 1850 446 1914 Dissepnesum
459 1883 632 1925 scriptorum
646 1883 678 1913 in
692 1881 792 1913 fibula
811 1881 867 1913 hac
878 1893 968 1925 expo·

226 1925 272 1956 nit
295 1923 465 1967 Erythraeus
485 1927 517 1957 in
541 1925 608 1956 Ind.
629 1924 713 1967 Virg.
756 1925 875 1967 Nempe
897 1933 965 1956 sunt

247 1968 279 1998 ui
292 1965 360 1998 'Pro
402 1979 439 1998 en
461 1968 562 1999 dicant
585 1969 617 1998 in
636 1968 788 1999 lusciniam
809 1975 964 2006 mutatam,

275 2009 362 2041 ilome
437 2012 469 2041 in
488 2010 686 2046 hirundinem.
729 2010 840 2041 Ambas
854 2021 966 2042 sorores

227 2052 316 2125 εωάἐε
339 2060 471 2084 auctores
499 2052 570 2084 facit
593 2052 715 2084 Ovidius
739 2064 856 2095 quoque
885 2052 964 2085 Met.

270 2141 290 2167 6
313 2137 423 2179 Infelix
436 2138 526 2169 modo
539 2138 704 2169 miserando
716 2139 822 2181 posuit.

273 2179 420 2223 Cemqoeiae
447 2183 568 2212 domus.-
599 2180 748 2212 Quoniam
776 2182 966 2212 Atheniemes

216 2220 357 2262 fuerunt.
378 2220 449 2253 Vet.
464 2221 567 2253 Schol.
587 2221 720 2254 Pandion
735 2224 815 2254 enim
830 2233 891 2254 non
906 2233 967 2254 erat

227 2274 336 2306 genere
349 2263 535 2306 Cecropides.

271 2311 287 2342 7
313 2305 486 2338 Moderatur
511 2306 578 2337 stilo
606 2306 677 2337 dum
705 2307 790 2349 ponit
816 2309 895 2338 male
914 2318 968 2349 pro

226 2358 327 2422 Ἧι,
342 2349 534 2422 velZsceleste.
556 2347 594 2379 B.
637 2350 799 2387 Barluras,
813 2350 968 2387 immanes,

297 2402 314 2421 e
326 2402 366 2422 es.
419 2415 427 2423 .

270 2440 288 2465 8
310 2432 466 2476 Tanquam
486 2444 589 2476 parum
611 2433 667 2464 sibi
681 2444 750 2464 cum
763 2434 881 2476 regibus
895 2444 968 2464 con-

225 2477 348 2514 veniret,
361 2487 464 2517 regum
477 2477 574 2518 posuit
595 2477 626 2506 in
640 2474 759 2514 Plurali,
773 2487 840 2507 cum
855 2476 892 2507 de
906 2486 968 2507 uno

226 2516 324 2550 Tereo
337 2527 482 2562 ageretur.
502 2517 541 2550 B.
573 2517 643 2549 Hoc
651 2519 763 2550 scilicet
776 2519 902 2550 indicare
916 2529 967 2549 vo-

224 2560 292 2600 luit,
305 2564 406 2602 quales
419 2572 478 2593 esse
491 2563 582 2592 solent
594 2572 706 2601 regum.
727 2561 769 2592 G.

268 2610 289 2638 9
311 2605 349 2635 In
364 2610 469 2643 tenero,
480 2609 663 2647 mtpernato.
683 2603 810 2635 Landin.

270 2653 310 2678 10
332 2647 438 2678 Dicere
464 2657 581 2678 carmen
605 2653 719 2677 rectum
751 2654 811 2677 est:
843 2645 895 2676 sed
925 2657 963 2676 an

225 2689 314 2720 etiam
328 2690 420 2721 dicere
443 2700 559 2721 carmen
574 2689 683 2732 fistula
693 2689 712 2719 Ρ
740 2688 833 2731 Atqui
847 2689 889 2719 sic
902 2688 964 2725 edi-

223 2738 290 2763 tum
300 2742 318 2762 a
347 2732 485 2774 lerisque,
500 2731 537 2762 ab
551 2733 616 2774 ipso
629 2733 716 2762 etiam
728 2730 877 2763 Bentleio.
905 2730 964 2762 Cui

224 2783 287 2804 non
327 2743 427 2806 lacent
449 2782 583 2805 auctores
606 2785 692 2816 supra
715 2776 814 2816 positi,
839 2775 864 2805 is
885 2781 965 2804 certe

223 2816 265 2846 nic
314 2817 465 2860 intinguat,
501 2817 830 2857 Dicunt—carmina;
854 2817 975 2857 fistula.

225 2858 435 2901 Dela-tamque
447 2861 532 2891 deum
541 2872 551 2891 .·
573 2867 625 2890 aut
638 2859 741 2890 doceat
760 2861 892 2892 carmina
906 2860 964 2890 dici

216 2900 397 2982 fisai'isffitug,
423 2942 488 2975 haec
519 2945 612 2986 (juxta
638 2942 708 2976 Vet.
737 2943 852 2985 Schol.)
873 2945 963 2975 etiam

226 2983 413 3068 gpgduuutium
424 2987 623 3030 appellabatur
627 3002 636 3027 3
650 2988 733 3029 quasi
746 2987 837 3024 Πανὸς
851 2988 963 3030 Δοῖῖςον,

582 1533 618 1556 11
643 1526 736 1569 nigrae
751 1527 851 1557 Bentl.
865 1536 902 1557 ea:
915 1537 975 1557 um
988 1526 1049 1556 cod.

1052 1631 1090 1657 13
1112 1625 1204 1656 sitim
1217 1624 1288 1656 dicit
1311 1632 1346 1656 ut
1359 1625 1516 1657 admoneat
1529 1637 1598 1658 eum
1618 1620 1759 1660 bibendi.

1007 1667 1138 1699 Calidius
1157 1666 1238 1699 Italis
1257 1675 1302 1699 est
1315 1679 1436 1699 vernum
1447 1676 1575 1712 tempus,
1588 1672 1749 1712 praesertim

1007 1711 1149 1742 adultum.

1054 1760 1093 1784 14
1115 1754 1231 1785 Ducere
1258 1754 1348 1785 etiam
1377 1754 1447 1785 alias
1474 1764 1528 1797 pro
1556 1759 1670 1798 epotare
1696 1766 1750 1798 po-

1009 1804 1077 1827 suit.

1054 1845 1091 1870 15
1113 1838 1246 1870 Juvmes
1259 1840 1368 1870 nobiles
1377 1838 1515 1870 Nerones
1523 1839 1607 1878 dixit,
1620 1840 1750 1883 Augusti

1008 1882 1166 1924 privignos,
1181 1882 1287 1923 quibus
1311 1882 1469 1913 admodum
1493 1882 1672 1914 familiariter
1685 1891 1751 1914 ute-

1005 1924 1091 1955 batur
1104 1923 1256 1966 Virgilius,
1270 1925 1344 1955 adeo
1357 1933 1391 1955 ut
1404 1932 1530 1956 rarenter
1545 1926 1688 1957 veteribus
1701 1937 1750 1957 so-

1006 1966 1119 1998 dalibus
1147 1977 1265 2008 operam
1290 1967 1383 2006 daret,
1410 1967 1489 2009 quod
1517 1967 1566 2003 hic
1593 1969 1749 2011 significari

1006 2009 1068 2040 vult
1080 2009 1230 2041 Horatius.
1252 2009 1291 2041 B.

1049 2050 1083 2082 Si
1103 2059 1181 2083 recte
1201 2061 1334 2094 tempora
1350 2052 1487 2084 subduxit
1499 2051 1654 2084 BentleIus
1667 2053 1750 2085 nulla

1007 2094 1127 2128 odarum
1155 2094 1244 2136 hujus
1268 2095 1335 2126 libri
1363 2096 1469 2137 scripta
1493 2103 1538 2126 est
1561 2096 1626 2127 vivo
1650 2095 1748 2127 adhue

1007 2145 1094 2179 poeta
1107 2135 1243 2179 Virgilio.
1284 2137 1326 2169 Et
1337 2137 1413 2168 nihil
1426 2137 1476 2179 hic
1490 2145 1546 2176 est,
1560 2139 1640 2180 quod
1654 2139 1747 2181 magis

1007 2179 1044 2210 ad
1058 2187 1187 2222 poetam,
1212 2191 1301 2221 quam
1322 2180 1359 2211 ad
1380 2181 1510 2222 quemvis
1524 2181 1615 2212 alium
1630 2180 1748 2212 Horatii

1007 2221 1180 2253 familiarem
1201 2223 1356 2265 pertineat.
1409 2222 1493 2257 Quin
1521 2222 1597 2253 nihil
1618 2222 1667 2253 hic
1690 2230 1746 2260 est,

1027 2264 1085 2294 uod
1098 2265 1188 2306 spiret
1210 2265 1300 2295 talem
1314 2265 1485 2302 amicitiam,
1498 2265 1592 2305 qualis
1605 2264 1746 2296 Flaccum

1006 2276 1128 2337 R‘laroni
1152 2307 1350 2347 conjunxerat.
1403 2306 1444 2337 Et
1470 2314 1571 2338 tamen
1593 2306 1747 2339 Bentleius

1007 2347 1229 2421 Ιοῑέἀνὶτςὶὶίυω
1251 2356 1369 2391 poetam
1391 2349 1558 2391 intelligens
1575 2361 1629 2381 sua
1649 2351 1748 2382 vineta

1072 2392 1105 2422 it.
1125 2391 1166 2422 G.

1053 2438 1092 2464 16
1114 2433 1225 2464 Nescio
1253 2444 1305 2464 cur
1327 2434 1419 2476 magis
1440 2434 1583 2476 placuerit
1606 2433 1746 2467 Bentleio

1007 2476 1156 2507 mereberis
1182 2487 1271 2518 quam
1298 2477 1446 2507 merebere.
1501 2475 1613 2508 Verum
1644 2488 1745 2510 aurem

1007 2528 1090 2549 suam
1104 2518 1222 2549 fortasse
1236 2519 1430 2549 consuluerat.

1051 2565 1087 2596 17
1114 2561 1225 2602 Onyx3
1248 2562 1410 2592 Metallum
1425 2565 1466 2592 est
1483 2571 1610 2601 gemmae
1629 2563 1741 2602 simile3

1006 2603 1041 2633 de
1064 2603 1116 2634 hoc
1139 2605 1179 2634 ad
1203 2609 1354 2644 unguenta
1378 2605 1499 2634 οὼναία
1519 2613 1618 2646 parva
1628 2605 1744 2647 fiebant

1005 2656 1089 2676 vasa.
1110 2644 1179 2677 Vet.
1202 2645 1303 2677 Schol.
1354 2645 1453 2677 Hodie
1473 2646 1669 2688 porcellanam
1693 2659 1744 2680 vo-

1006 2694 1085 2723 cant,
1099 2699 1116 2718 e
1130 2699 1189 2730 qua
1202 2688 1357 2720 Veteribus
1370 2690 1518 2726 mur-rhea,
1529 2689 1574 2719 vel
1587 2691 1744 2723 mur-rhina

1000 2732 1118 2772 pocula.
1161 2732 1204 2762 Et
1229 2733 1340 2763 crocino
1367 2742 1452 2763 nares
1472 2732 1627 2763 mur-rhais
1649 2738 1744 2774 ungat

1005 2783 1098 2814 onyx,
1126 2772 1295 2847 Propertius
1320 2775 1364 2816 (3.
1388 2780 1420 2805 8.
1445 2773 1512 2814 22).
1553 2773 1743 2807 Dioscorides

1004 2815 1091 2846 tradit
1111 2826 1185 2858 onyc
1209 2828 1255 2847 em
1276 2816 1366 2847 fuisse
1390 2815 1576 2859 conchylium
1595 2817 1743 2859 quoddam

1004 2858 1081 2899 apud
1094 2857 1184 2890 Indos
1198 2860 1230 2890 in
1244 2857 1383 2890 Nardinis
1395 2858 1516 2890 lacubus
1527 2867 1687 2902 repertum,
1708 2868 1743 2893 ut

1004 2901 1151 2931 adnotavit
1163 2901 1336 2933 Iambinus.
1377 2900 1458 2937 Quae
1471 2901 1579 2933 fabella
1596 2901 1743 2934 Porcella-
1804 2893 1813 2907 ¹

1004 2954 1073 2974 nam
1086 2943 1174 2975 fuisse
1184 2945 1346 2976 confirmat.
1367 2943 1406 2975 B.
1447 2942 1563 2975 Horum
1577 2945 1666 2977 fidem
1680 2956 1742 2978 non

1004 2987 1197 3028 praestiterim.
1240 2986 1341 3018 Multa
1353 2986 1390 3017 de
1402 2987 1511 3018 diversa
1537 2987 1670 3030 Onychis
1683 2990 1742 3031 sig-

1005 3030 1171 3061 nificatione
1191 3029 1350 3062 Salmasius
1359 3029 1397 3062 ad
1409 3028 1557 3063 Solinum.
1599 3030 1648 3062 Ad
1661 3030 1741 3064 hune
