1924 3458
562 288 927 338 cA-RMINUM
962 274 1076 335 μὴ.
1110 293 1182 335 1v.
1213 279 1252 335 2‘.

1597 293 1678 332 195

324 409 586 465 Sanguinem,
618 424 691 466 per
709 422 807 465 quos
827 406 1009 449 cecidere
1019 405 1128 463 justa

213 488 266 524 15

324 483 461 525 Morte
481 482 685 535 Centauri,
715 481 864 524 cecidit
884 480 1108 523 tremendae

493 556 681 598 Flamma
699 556 944 609 Chimaerae3

325 630 432 683 Sive,
460 645 561 687 quos
579 630 685 673 Elea
701 630 870 672 domum
890 627 1048 670 reducit

324 703 467 746 Palma
485 705 682 757 coelestes,
713 703 946 760 pugilemve
965 715 1167 758 equumve

322 775 452 830 Dicit,
485 785 526 819 et
545 786 710 819 centum
730 776 885 834 potiore
904 775 1029 832 signis

215 857 270 893 20
496 851 673 894 Munere
692 851 815 893 donat
830 867 843 904 3

327 924 475 967 Flebili
493 936 649 982 sponsae
661 924 906 982 juvenemve
925 930 1085 980 raptum

326 998 486 1052 Plorat3
518 1006 559 1040 et
576 1000 678 1041 vires
696 999 963 1055 animumque
982 1011 1135 1040 mores-

263 1115 269 1121 ,
328 1088 407 1130 que
427 1089 565 1116 aureos
585 1074 723 1116 educit
741 1074 785 1116 in
802 1081 918 1126 astra,
951 1072 1090 1128 nigro-

500 1163 579 1204 que
598 1148 759 1189 invidet·
769 1147 891 1189 Orco.

216 1230 241 1264 2
250 1228 271 1264 5

330 1222 467 1264 Multa
485 1221 696 1265 Direaeum
717 1224 823 1263 levat
841 1234 937 1263 aura
956 1233 1147 1275 cycnum,

328 1297 492 1348 Tendit,
520 1296 689 1348 Antoni,
721 1295 876 1351 quoties
897 1294 939 1335 in
958 1295 1059 1334 altos

330 1369 515 1411 Nubium
534 1354 709 1410 tractus:
741 1382 831 1423 eg0,
860 1366 945 1423 apis
965 1365 1139 1407 Matinae

501 1442 622 1484 More
641 1441 844 1496 modoque

332 1517 459 1559 Grata
479 1516 678 1571 carpentis
692 1515 836 1570 thyma
853 1527 927 1569 per
944 1513 1126 1554 laborem

220 1598 274 1634 30

331 1589 573 1641 Plurimum,
603 1589 711 1630 circa
731 1601 874 1629 nemus
894 1585 1085 1642 uvidique

330 1663 493 1707 Tiburis
512 1663 617 1719 ripas
636 1675 802 1718 operosa
820 1674 963 1716 parvus

164 1786 203 1812 23
227 1779 346 1811 deducit
359 1779 430 1811 Ven.
448 1778 538 1810 Glar-

625 1781 666 1807 26
689 1761 826 1818 quotiens
841 1776 940 1806 Bentl.

1027 1780 1066 1805 31
1088 1774 1149 1805 Pro
1162 1774 1239 1817 ripas
1250 1773 1348 1804 Bentl.
1364 1771 1439 1814 conj.
1462 1773 1547 1805 rivos.
1574 1773 1640 1806 Vni.
1655 1774 1696 1805 ad

832 1825 862 1850 3.
885 1823 936 1850 26.
962 1823 1012 1848 13.

206 1922 359 1954 Laudavit
382 1921 470 1952 etiam
497 1920 671 1957 Herculem,
693 1919 754 1950 sive
776 1919 909 1950 Ixionem

164 1971 191 1996 et
220 1965 399 2003 Pirithoum,
445 1964 496 2004 qui
535 1963 699 1994 occider-unt
736 1962 909 1994 Centauros.

164 2007 232 2043 Vet.
248 2006 350 2039 schol.

209 2054 249 2081 16
270 2049 521 2092 Bellerophontem
549 2049 705 2079 laudatum
742 2058 911 2078 commemo-

165 2098 214 2124 rat
231 2094 265 2124 in
282 2092 443 2124 Chimaera.
464 2090 534 2121 Vet.
549 2089 651 2121 Schol.
671 2089 711 2121 B.
732 2089 772 2121 V.
792 2089 830 2120 ad
843 2089 910 2120 Car.

169 2143 197 2166 1.
214 2141 266 2171 27.
282 2141 356 2167 extr.
370 2134 411 2165 G.

210 2184 246 2213 17
272 2178 343 2209 Sive
370 2186 442 2217 quos
470 2176 564 2212 Εὶεας
600 2175 718 2206 Castori
742 2185 859 2215 quoque
883 2179 911 2205 et

168 2220 285 2251 Polluci
299 2221 400 2251 laudes
413 2218 501 2255 dixit,
516 2219 567 2258 qui
577 2218 719 2259 pugilatu
733 2222 761 2247 et
771 2228 910 2257 equorum

166 2263 442 2306 azrmfloruerunt.
462 2259 534 2290 Vet.
549 2259 650 2290 Schol.
794 2292 797 2294 ,

212 2312 249 2337 18
272 2303 427 2340 Coelestes3
450 2313 511 2333 non
525 2302 620 2333 solum
635 2301 740 2332 Castor
753 2309 784 2331 et
806 2299 911 2332 Pollux

166 2348 425 2383 consecrabantur,
448 2345 500 2375 sed
515 2352 545 2375 et
566 2345 664 2374 caeteri
684 2343 911 2386 Olympionioee,

166 2399 200 2421 ut
225 2391 358 2432 superius
380 2388 571 2419 ostendimus.
592 2387 630 2418 B.
667 2387 789 2427 Equum¹
804 2396 913 2416 conco-

165 2444 255 2475 quere
276 2432 325 2463 hic
341 2443 401 2462 non
416 2438 513 2473 potest
524 2429 702 2460 Hasduinus.
725 2428 847 2459 Scilicet
861 2440 914 2459 ne-

164 2487 224 2517 que
240 2475 358 2506 Horatii
372 2481 456 2516 putat
466 2484 529 2503 esse
541 2473 613 2503 illud
623 2473 662 2503 A.
674 2471 709 2503 P.
722 2478 772 2502 84.
805 2472 847 2502 Et
853 2481 913 2514 pu-

164 2521 258 2560 gilem
271 2520 420 2554 victorem,
436 2521 463 2547 el
477 2527 587 2557 equum
602 2516 758 2546 certamine
767 2515 911 2556 primum.

167 2561 241 2593 Non
256 2560 415 2603 cogitabat,
437 2569 576 2599 emtarum
591 2559 621 2588 in
636 2557 683 2587 his
705 2557 914 2587 certaminibus

166 2615 229 2635 esse
243 2612 340 2647 partes
353 2604 395 2633 ita
408 2612 542 2643 magnas,
556 2610 589 2631 ut
602 2601 711 2631 mirum
725 2610 785 2630 non
800 2601 849 2638 sit,
863 2610 914 2630 eos

165 2647 349 2690 potissmium
364 2645 514 2676 celebrari.
534 2644 574 2675 G.

181 2690 183 2692 ’
210 2696 253 2721 20
274 2690 413 2726 Munere,
435 2688 576 2725 carmine,
597 2686 677 2727 quod
702 2695 810 2715 munus
839 2695 915 2726 prae-

167 2739 225 2763 stat
249 2732 350 2763 multis
374 2731 490 2769 statuis,
515 2741 584 2772 quae
598 2729 755 2760 victoribus
777 2727 912 2758 ludorum

167 2775 239 2818 poni
253 2775 356 2805 solent.
378 2773 417 2805 Ζ.

181 2829 187 2834 ·
211 2824 250 2848 21
276 2818 380 2848 Flebili
409 2826 532 2859 sponsae.
556 2816 660 2846 Etiam
685 2815 718 2844 in
740 2813 913 2856 Epitaphiz's

171 2859 337 2891 Pindarum
358 2860 503 2901 sigmficat
526 2869 679 2899 magnum.
713 2855 782 2887 Vet.
811 2854 912 2886 Schol.

171 2900 210 2932 Β.
247 2901 315 2932 Sive
344 2902 477 2944 epicedio
505 2901 633 2932 celebrat
655 2901 795 2941 juvenem
820 2907 915 2928 morte

170 2943 431 2986 acerba-ereptum
450 2955 565 2986 sponsae
583 2944 671 2980 tristi,
693 2949 724 2972 et
742 2942 816 2972 adeo
827 2941 915 2981 hujus

170 2987 243 3018 vim
252 2987 396 3029 corporis,
410 2987 503 3020 animi
513 2986 727 3023 fortitudinem,
741 2994 773 3016 et
779 2985 916 3016 sanctita-

951 1926 1013 1949 tem
1028 1928 1157 1955 morum,
1181 1917 1304 1948 summis
1313 1916 1390 1948 tollit
1404 1916 1539 1948 laudibus
1555 1916 1697 1948 vindicat-

951 1971 1010 2003 que
1024 1961 1061 1991 ab
1069 1960 1225 1991 oblivione.
1240 1959 1278 1991 Z.

995 2010 1034 2035 23
1058 2002 1136 2034 Cum
1147 2002 1297 2041 Landino,
1318 2001 1458 2033 Lambini
1469 2001 1565 2033 MSS.
1581 2009 1612 2033 et
1622 2001 1699 2033 Cru-

953 2047 1034 2088 quio,
1050 2047 1144 2078 educit
1157 2046 1273 2087 reposui
1288 2056 1342 2087 pro
1356 2047 1479 2083 reducit,
1490 2045 1569 2087 quod
1584 2055 1615 2076 et
1629 2044 1698 2075 Ste-

952 2088 1052 2132 phano
1066 2089 1208 2131 placuisse
1222 2088 1315 2119 video.
1330 2087 1367 2119 B.
1397 2089 1511 2119 Aureos
1527 2099 1620 2119 mores
1642 2099 1698 2118 sae-

952 2132 1020 2163 culo
1033 2142 1122 2162 aureo
1135 2131 1249 2174 dignos.
1271 2131 1311 2162 G.

995 2181 1035 2205 24
1060 2175 1174 2204 Invidet
1198 2173 1298 2209 πάθος
1322 2180 1351 2203 et
1374 2180 1489 2203 motum
1523 2172 1605 2203 addit
1630 2183 1698 2202 sen-

951 2217 1062 2247 temiae.
1083 2215 1202 2247 Poterat
1229 2217 1375 2247 subtrahit
1395 2215 1503 2254 dicere,
1524 2216 1569 2246 vel
1590 2216 1698 2258 eripit.-

951 2259 1003 2289 sed
1018 2259 1088 2289 illud
1103 2259 1191 2300 longe
1206 2259 1364 2300 potentius,
1385 2257 1426 2288 G.

995 2308 1035 2332 25
1056 2300 1218 2331 Thebanus
1233 2308 1279 2331 est
1292 2299 1433 2331 Pindarus
1445 2311 1452 2330 :
1467 2298 1561 2331 Dirce
1576 2299 1642 2330 fons
1653 2307 1699 2330 est

953 2343 1060 2374 nobilis
1069 2354 1161 2385 prope
1170 2343 1300 2374 Thebas.
1322 2343 1361 2372 G.
1395 2343 1499 2372 Multa
1514 2344 1593 2373 levat
1608 2353 1697 2381 aura,

955 2387 1012 2416 alte
1028 2386 1104 2416 tollit
1118 2397 1199 2423 aura,
1221 2385 1298 2416 volat
1309 2385 1451 2415 sublimis.
1474 2383 1512 2415 Z.

997 2432 1038 2459 26
1060 2429 1224 2459 Antoniam
1246 2429 1405 2468 alloquitur
1429 2429 1572 2458 volentem
1585 2427 1700 2458 Pinda-

954 2481 1021 2502 rum
1035 2471 1157 2501 imitari.
1179 2469 1248 2502 Vet.
1263 2469 1366 2501 Schol.
1517 2503 1519 2505 ,

997 2519 1035 2549 27
1059 2513 1099 2545 Se
1126 2514 1177 2556 api
1210 2514 1333 2544 contulit
1356 2521 1413 2554 pro
1436 2513 1596 2554 parvitate.
1628 2509 1701 2543 Vct.

956 2554 1057 2586 Schol.
1093 2555 1178 2586 Bene
1192 2557 1282 2586 etiam
1302 2555 1435 2586 Matinae
1455 2555 1566 2597 posuit,
1587 2555 1658 2596 quia
1670 2562 1702 2586 et

956 2599 1017 2640 ipse
1033 2607 1094 2629 erat
1107 2599 1253 2640 Appulus.
1638 2597 1662 2599 '-

998 2648 1037 2672 28
1062 2641 1159 2679 More,
1173 2642 1244 2682 quia
1258 2641 1326 2672 him:
1338 2639 1421 2678 inde-5
1444 2640 1529 2671 modo
1543 2639 1612 2681 quia
1626 2650 1700 2682 pau-

956 2684 1022 2714 cula
1036 2684 1203 2726 collegerat.

996 2732 1039 2758 30
1061 2726 1281 2758 Plurimum-ad
1297 2728 1422 2758 laborem
1432 2724 1539 2761 refero,
1553 2731 1587 2755 ut
1595 2725 1702 2768 pinga-

954 2777 1005 2800 tur
1019 2768 1156 2800 sedulitas
1181 2769 1322 2812 apiculae3
1344 2766 1499 2800 Bentleius
1527 2767 1565 2798 ad
1586 2778 1702 2800 nemus.

998 2861 1034 2886 31
1061 2855 1156 2897 Ripas
1181 2853 1286 2886 maluit
1299 2852 1362 2892 hic,
1383 2861 1468 2896 puto,
1489 2863 1580 2894 quam
1608 2853 1701 2890 rivos,

957 2899 1026 2939 quia
1038 2908 1109 2971 (³3¹³oe
1123 2898 1206 2941 ripas
1225 2906 1257 2929 et
1276 2896 1378 2929 viridia
1397 2904 1558 2935 sectantur,
1583 2905 1644 2926 non
1658 2896 1702 2926 ri-

958 2952 1018 2972 vos.
1071 2963 1079 2970 .

1022 3033 1096 3067 02
