1950 3626
255 367 378 410 xxxiv
592 370 646 417 Q.
690 371 976 416 HORATII
1018 371 1257 419 FLACCI
1298 371 1467 416 VITA.

258 492 351 543 Sed
376 496 528 546 multo
560 498 721 565 magis,
749 500 971 551 extremis
1006 498 1272 566 Esquiliis*
1307 499 1389 548 tali
1425 498 1487 547 ad
1525 496 1797 561 Augustum

259 577 534 649 Eclogio†;

526 718 715 769 Horati
743 719 897 770 Flacci
920 729 975 770 ut
998 720 1086 769 mei
1107 729 1202 769 esto
1225 734 1411 768 memor.

255 851 500 920 Augustus
527 855 849 921 Epistularum
886 872 1078 921 quoque
1102 855 1145 905 ei
1170 853 1375 904 officium
1401 850 1589 912 obtulit,
1617 860 1672 901 ut
1706 851 1796 900 hoc

256 936 317 985 ad
356 936 678 990 Maecenatem
712 940 890 1005 scripto
927 939 1183 1008 significat:
1223 938 1353 987 Ante
1387 938 1479 1003 ipse
1516 934 1797 1003 sufficiebam

200 1079 210 1090 .
251 1021 507 1074 scribendis
528 1025 757 1090 Epistolis
782 1024 1055 1074 Amicorum
1070 1043 1090 1082 ;
1113 1039 1236 1072 nunc
1258 1021 1637 1086 occupatissimus
1657 1029 1704 1070 et
1727 1020 1798 1068 in·

233 1107 432 1174 firmus,
463 1109 727 1160 Horatium
748 1119 962 1159 nostrum
989 1118 1036 1158 te
1054 1108 1186 1173 cupio
1205 1107 1447 1156 adducere.
1522 1105 1683 1155 Veniet
1708 1105 1797 1170 igi-

253 1199 340 1240 tur
355 1192 415 1240 ab
440 1193 532 1243 ista
549 1194 812 1259 parasitica
837 1209 992 1242 mensa
1008 1193 1073 1241 ad
1093 1192 1214 1240 hanc
1228 1191 1423 1256 regiam,
1445 1197 1492 1238 et
1509 1206 1590 1238 nos
1609 1189 1658 1237 in
1676 1188 1797 1254 Epi-

249 1277 383 1326 stolis
402 1277 655 1328 scribendis
677 1278 937 1343 aeffeczvabit.
1013 1279 1086 1328 Ac
1121 1294 1183 1329 ne
1218 1275 1454 1327 recusanti
1485 1275 1678 1340 quidem
1713 1285 1799 1326 aut

250 1361 521 1410 succensuit
566 1363 839 1428 quicquam,
901 1374 985 1413 aut
1030 1363 1287 1412 amicitiam
1334 1362 1548 1428 ingerere
1599 1359 1793 1409 destitit.

254 1446 459 1496 Exstant
484 1446 724 1512 Epistolae‚
746 1440 784 1498 'e
813 1446 998 1512 quibuS,
1026 1445 1291 1515 argumenti
1315 1445 1478 1513 gratia,
1508 1461 1662 1509 pauca
1684 1446 1794 1495 sub·

239 1530 353 1597 jeci.
425 1529 565 1582 Sume
600 1531 688 1581 tibi
723 1533 904 1600 aliquid
917 1532 1058 1598 juris
1094 1533 1223 1597 apud
1256 1547 1339 1591 me,
1366 1538 1595 1596 tanquam
1616 1528 1659 1578 si
1690 1545 1797 1578 con-

246 1616 402 1666 victor
422 1613 735 1682 milzisueris:
769 1617 985 1684 quoniam
1008 1617 1059 1666 id
1075 1633 1188 1666 usus
1210 1615 1324 1664 mihi
1357 1623 1509 1665 tecum
1531 1630 1628 1664 esse
1648 1615 1790 1676 volui,

246 1700 288 1749 si
319 1710 413 1766 per
450 1700 758 1750 valetudinem
800 1710 931 1750 tuam
952 1701 1074 1767 fieri
1103 1701 1267 1766 possit.
1347 1699 1413 1749 Et
1457 1715 1649 1748 rursus:
1703 1699 1794 1748 Tm·

244 1785 425 1852 qualem
460 1784 652 1834 habeam
691 1786 959 1835 memoriam
982 1786 1167 1852 poteris
1205 1802 1265 1834 ea·
1310 1782 1530 1849 Septimio
1544 1781 1577 1849 ‡
1618 1800 1794 1851 quoque

243 1877 406 1919 nostro
427 1869 594 1919 audire
608 1889 623 1919 .·
658 1886 766 1919 nam
798 1870 961 1920 incidit
997 1879 1054 1920 ut
1091 1886 1250 1920 coram
1284 1870 1363 1918 illo
1382 1869 1535 1935 fieret
1570 1884 1601 1917 a
1625 1885 1696 1920 me
1719 1869 1793 1919 tui

242 1953 427 2005 mentio.
502 1954 665 2023 Neque
697 1955 817 2004 enim
853 1955 896 2005 si
931 1965 985 2004 tu
1019 1954 1247 2021 superbus·
1281 1953 1537 2003 amicitiam
1577 1962 1790 2006 nostram

240 2038 473 2105 sprevisti,
501 2039 598 2088 ideo
621 2056 703 2089 nos
725 2056 901 2107 quoque
924 2043 1306 2100 ἀντυπερηφανοεμεν.
1381 2038 1624 2089 Praeterea
1658 2055 1788 2104 saepe

239 2137 350 2172 eum
375 2122 496 2172 inter
520 2123 637 2172 alios
664 2124 803 2189 jocos
832 2116 1132 2190 petiis-simum
1159 2136 1336 2190 penem,
1364 2132 1414 2174 et
1444 2124 1788 2175 homuncionem

239 2208 565 2273 lepidissimum
590 2209 814 2274 appellat,
841 2226 1033 2274 unaque
1066 2222 1116 2259 et
1155 2210 1303 2258 altera
1337 2208 1620 2259 libemlitate
1654 2210 1787 2259 locu-

239 2292 452 2357 pletavit.
525 2293 711 2358 Scripta
735 2293 928 2358 quidem
954 2295 1055 2360 ejus
1076 2310 1227 2358 usque
1249 2294 1371 2343 adeo
1397 2292 1628 2358 probavit,
1651 2311 1785 2343 man·

237 2427 371 2467 Minno
382 2442 395 2465 .·
425 2433 482 2467 est
496 2435 625 2467 autem
641 2429 811 2477 Minutas,
831 2429 889 2468 vel
905 2429 1043 2476 Minus,
1061 2428 1143 2468 ovis
1162 2436 1293 2468 ventre
1307 2429 1457 2481 glabra,
1477 2427 1621 2468 Festoa
1636 2429 1783 2468 Graeco

233 2494 386 2544 ἅπεικος
415 2500 538 2551 Apica
569 2501 688 2541 dicta.
744 2502 879 2541 'Nostri
906 2501 1092 2549 dicerent,
1113 2501 1220 2549 Uere
1235 2504 1489 2550 unguntum
1512 2511 1535 2539 a
1557 2504 1662 2548 petru
1687 2501 1784 2540 cinc-

235 2571 371 2611 BAxr.
431 2571 531 2611 Titii
548 2571 695 2613 sodalis
714 2572 840 2613 Ginno
859 2573 1095 2619 Gronovius,
1116 2579 1160 2611 ut
1175 2572 1336 2610 ludatur
1353 2571 1392 2609 in
1419 2570 1589 2621 aliquem
1610 2570 1779 2608 vicinum

236 2642 294 2680 vel
314 2650 466 2690 notum,
488 2640 628 2683 Titium
640 2645 805 2696 strigoso
825 2645 936 2684 muio
954 2643 1039 2683 vehi
1060 2644 1233 2683 solitum.
1290 2641 1426 2681 Gnsn.

290 2715 315 2738 ὓ
346 2713 525 2766 Esquiliis
538 2728 651 2755 nemo
668 2716 782 2767 alius,
798 2717 901 2769 quod
919 2716 1156 2755 observarim
1173 2729 1184 2761 ;
1214 2714 1278 2753 sed
1292 2713 1348 2752 vel
1360 2713 1537 2765 judiciis,
1556 2712 1616 2751 vel
1631 2711 1782 2764 simpli·

236 2783 332 2822 citer
345 2787 523 2825 extremis.
580 2786 759 2840 Esquiliis
777 2788 877 2827 forte
887 2788 969 2827 *huc
987 2786 1143 2840 irrepsit
1160 2799 1208 2825 ex
1226 2785 1300 2824 fine
1314 2784 1431 2836 hujus
1446 2784 1566 2830 Vite,
1581 2783 1629 2822 de
1642 2795 1780 2822 monu-

235 2863 364 2894 mento
384 2856 551 2897 Horatii.
606 2859 738 2899 GESN.

292 2931 316 2972 †
343 2926 418 2964 Pro
438 2927 571 2980 Elegio
591 2931 853 2982 reponendum
875 2930 971 2970 duxi
988 2928 1152 2983 Etlogio,
1175 2929 1222 2967 de
1242 2941 1320 2981 qua
1342 2939 1439 2967 voce
1463 2928 1549 2967 vide
1571 2927 1780 2967 eruditissi-

236 3010 342 3036 mum
359 2998 551 3038 Jacobum
572 3001 824 3050 Cimberium,
841 3001 902 3041 Dc
920 3001 1015 3042 Jure
1037 3000 1232 3040 Manium.

291 3068 315 3122 ss
341 3059 401 3109 Dc
417 3070 604 3122 Septimio
619 3073 691 3112 isto
708 3073 793 3112 vide
808 3086 896 3126 quae
916 3073 1086 3114 diximus
1099 3071 1146 3112 ad
1166 3071 1382 3124 Epistolam
1397 3077 1436 3119 9.
