1924 3458
211 294 294 332 558

658 292 712 338 Q.
741 291 787 335 H
802 290 1035 335 ORATII
1065 289 1306 336 FLACCI

380 406 547 449 vicinas
566 407 685 449 urbes
704 407 790 460 alit,
811 414 853 449 et
870 421 992 464 grave
1013 408 1139 450 sentit
1157 415 1334 451 aratrum
1350 425 1363 462 3

381 481 465 524 Seu
486 496 648 524 cursum
669 482 842 524 mutavit
859 483 1050 539 iniquum
1070 483 1252 540 frugibus
1272 482 1419 535 amnis,

380 554 540 599 Doctus
558 556 635 599 iter
654 557 824 611 melius;
855 557 1043 599 mortalia
1062 558 1170 600 facta
1187 558 1406 614 peribunt:

380 630 548 674 Nedum
568 646 804 675 sermonum
822 641 901 674 stet
919 633 1062 686 honos,
1082 640 1123 675 et
1140 633 1271 689 gratia
1286 633 1420 674 vivait.

269 709 325 747 70

382 705 521 749 Multa
540 715 801 750 renascentur
815 724 909 765 quae
923 708 1012 764 jam
1033 709 1232 762 cecidere,
1257 709 1486 765 cadentque

382 779 490 825 Quae
512 796 623 823 nunc
642 789 738 824 sunt
756 782 800 825 in
819 780 974 824 honore
993 783 1204 836 vocabula,
1226 783 1262 824 si
1279 784 1390 825 volet
1403 796 1512 834 usuS‚

381 855 520 900 Quem
540 871 665 912 penes
684 856 897 899 arbitrium
917 863 978 898 est
997 865 1038 898 et
1051 855 1119 913 jus
1139 865 1182 898 et
1196 871 1346 899 norma
1365 856 1573 913 loquendi.

380 930 463 974 Res
481 938 607 987 goetae
627 945 852 987 regumque
872 931 1123 986 ducumque,
1144 937 1186 972 et
1203 930 1334 973 tristia
1351 931 1475 983 bella,

381 1005 477 1051 Quo
491 1005 613 1048 scribi
630 1012 796 1061 possent
811 1019 1000 1058 numero,
1022 1004 1263 1047 monstravit
1281 1005 1508 1048 Homerus.

265 1086 320 1125 75

380 1080 571 1123 Versibus
591 1080 802 1137 impariter
814 1079 970 1138 junctis
990 1080 1247 1137 querimonia
1264 1080 1476 1137 primum3

379 1156 476 1199 Post
495 1155 619 1198 etiam
640 1144 798 1198 inclusa
817 1163 879 1198 est
897 1155 981 1198 voti
1000 1155 1203 1197 sententia
1221 1169 1416 1212 compos:

379 1230 483 1276 Quis
502 1237 642 1272 tamen
662 1230 830 1287 exiguos
850 1231 987 1287 elegos
1005 1229 1188 1272 emiserit
1206 1237 1362 1283 auctor,

380 1303 654 1347 Grammatici
675 1312 845 1359 certant,
869 1312 910 1347 et
929 1305 1065 1347 adhuc
1085 1306 1160 1346 sub
1172 1303 1315 1361 judice
1335 1305 1385 1347 lis
1404 1311 1477 1350 est.

377 1379 677 1422 Archilochum
695 1379 861 1437 proprio
880 1379 1011 1422 rabies
1029 1379 1202 1421 armavit
1221 1379 1386 1421 iambo:

254 1462 319 1499 ‘80
375 1456 507 1499 Hunc
527 1455 637 1498 socci
658 1469 804 1513 cepere
820 1455 988 1512 pedem,
1007 1454 1262 1511 grandesque
1283 1453 1488 1507 cothurni,

378 1530 558 1575 Alternis
579 1538 722 1587 aptum
735 1529 1011 1583 sermonibus,
1030 1536 1075 1569 et
1093 1530 1308 1586 populares

336 1671 376 1701 72
394 1665 435 1696 vis
450 1672 481 1696 et
497 1675 599 1696 norma
616 1664 686 1695 Vm.
704 1663 793 1695 Glar.
809 1663 884 1695 MS.
898 1663 1015 1694 Bersm.

206 1781 333 1825 quodam
356 1793 424 1822 suo,
447 1783 531 1814 nullo
552 1782 608 1814 sub
632 1788 763 1820 auctore,
778 1782 840 1812 imo
865 1780 958 1822 (quod

205 1825 253 1857 vel
275 1827 338 1868 ipse
360 1826 481 1861 fiateturl
498 1826 697 1857 abnuentibus
712 1826 800 1856 etiam
817 1824 957 1855 omnibus

205 1869 353 1901 veteribus
388 1869 609 1908 Grammaticis,
640 1868 848 1899 tantummodo
877 1867 958 1909 quod

201 1920 322 1944 caveret
350 1913 382 1944 in
403 1920 511 1951 metm,
534 1912 684 1954 rescripsit
706 1911 848 1942 sterilisve
865 1913 958 1953 palus

199 1957 300 1999 prius.
343 1954 422 1992 Quis
441 1963 542 1987 tamen
550 1962 647 1986 tantae
658 1954 825 1986 auctoritati
839 1961 955 1985 contra-

204 1999 306 2030 dicat?
330 1998 369 2030 B.
412 1998 572 2030 Testantur
594 1997 713 2030 Servius
735 2004 767 2029 et
788 1996 955 2028 Priscianus

201 2042 397 2117 ppsteriorem
411 2042 551 2084 syllabam
577 2042 609 2072 in
601 2043 716 2115 Mvalus
731 2047 895 2082 correptam
917 2039 954 2070 ab

238 2086 343 2124 oratio,
357 2093 392 2116 ut
406 2086 438 2116 in
457 2086 555 2117 Tellus
569 2097 587 2116 a
640 2085 752 2115 artiano
766 2083 901 2126 Capella,
923 2083 956 2114 in

200 2128 343 2160 Senectus
361 2139 379 2159 a
393 2128 532 2160 Cornelio
545 2127 644 2159 Gallo.

202 2172 304 2213 potuit
323 2170 479 2210 Horatius,
492 2171 582 2202 modo
596 2171 747 2208 voluisset,
769 2169 956 2201 solicitudine

199 2214 330 2246 liberare
350 2214 581 2252 Grammaticos,
597 2225 687 2256 quam
714 2214 771 2244 levi
798 2213 956 2254 transposi-

203 2258 299 2296 tione,
320 2259 484 2299 sterilisque
505 2259 601 2300 palus
623 2256 703 2288 diu?
728 2255 845 2287 hiatum
874 2257 954 2287 enim

202 2311 294 2331 nemo
308 2301 405 2331 bonus
418 2308 506 2343 poeta
520 2300 644 2343 refugit.
683 2299 739 2331 ‘An
754 2300 844 2342 igitur
857 2300 899 2330 ita
912 2299 956 2330 le-

198 2344 325 2386 gimus?
370 2343 445 2375 Non
484 2351 548 2383 uto,
562 2355 632 2375 cum
654 2343 818 2375 reclament
835 2341 956 2374 Servius

203 2396 235 2418 et
247 2385 424 2418 Priscianus.
501 2398 518 2417 e
542 2398 573 2418 re
595 2388 605 2418 i
676 2385 757 2418 Pha.
772 2391 824 2418 26.
836 2392 868 2417 4.
889 2386 956 2418 Sic-

204 2435 306 2462 εεηευτ
315 2431 403 2464 ivdie
416 2430 585 2473 AEtluiopide
598 2398 706 2472 fflrba
719 2429 847 2472 nngica]
866 2429 956 2461 Pom-

205 2478 276 2504 tznae
286 2475 422 2516 paludes.
464 2472 628 2505 Tentatum
643 2481 748 2516 postea
757 2484 775 2504 a
786 2472 927 2514 ijano,
937 2484 956 2503 a

201 2515 398 2548 zrheedorieo.
419 2516 460 2548 G.

246 2564 285 2596 67
306 2561 438 2592 Cursum
450 2559 578 2591 mutavit
587 2572 600 2598 ‚·
622 2560 750 2591 Tiberim
757 2559 898 2602 Agrippa
908 2560 956 2590 cle-

201 2603 323 2641 rivavit‚
338 2614 400 2644 qua
411 2614 491 2634 nunc
500 2604 588 2634 vadit
595 2616 609 2643 ;
627 2608 781 2646 wteaper
797 2604 956 2635 Velabrum

194 2646 324 2693 fluebat.
345 2645 415 2678 Vet.
431 2644 536 2677 Schol.
599 2675 603 2677 ,

245 2689 407 2730 Iniquum
423 2699 529 2732 grave.

247 2735 287 2763 68
303 2733 430 2770 Doctus,
445 2731 586 2775 utEpist.
603 2739 630 2763 1.
648 2738 697 2764 14.
707 2738 761 2765 80.
788 2732 956 2771 Docendus.

688 2126 730 2158 Et
753 2137 843 2168 quam
869 2125 956 2157 facile

246 2816 395 2848 Mortalia
403 2817 667 2861 factaperilrant}
685 2819 778 2849 etiam
798 2816 864 2849 haec
884 2828 953 2859 quae

202 2859 334 2889 maxima
347 2869 426 2892 sunt.
458 2860 501 2892 Et
510 2863 553 2893 sic
564 2862 686 2904 exponit
693 2860 787 2892 «Iason
797 2861 834 2892 de
843 2860 952 2892 Nores.

201 2898 359 2932 Bentleius
368 2904 455 2934 etiam
464 2904 501 2935 de
512 2916 567 2936 suo
577 2916 658 2947 penu
665 2904 827 2947 depromsit
834 2909 952 2942 amc-ta,

201 2942 371 2986 delevitque
384 2946 488 2985 facta,
502 2948 582 2989 quod
603 2958 665 2978 non
680 2955 757 2979 esset
775 2948 853 2978 hene
868 2946 952 2978 Iati-

205 2997 292 3024 num,
305 2995 340 3018 ut
362 2988 411 3019 ille
430 2990 480 3020 ait.
503 2990 541 3022 B.
578 2991 677 3021 -Facta
694 2992 850 3029 meridia,
864 2990 951 3032 quid-

199 3029 277 3073 quid
281 3029 407 3071 faciunt
416 3034 555 3066 mortales
565 3048 572 3073 ;
595 3033 703 3076 quibus
711 3032 841 3077 ‘pulchre
855 3043 951 3077 oppo-

1125 1666 1165 1698 74
1180 1670 1302 1704 possent
1316 1661 1404 1693 scribi
1418 1662 1492 1693 MS.
1508 1662 1624 1696 Bersm.

1462 1748 1484 1758 a

1000 1785 1111 1811 nuntur
1124 1781 1211 1811 verba
1220 1792 1230 1811 .-
1253 1779 1309 1811 sub
1321 1780 1521 1822 appellatione
1532 1786 1639 1814 cuncta
1652 1789 1751 1815 autem

993 1823 1057 1864 jam
1072 1823 1271 1854 continentur.
1293 1822 1333 1854 G.

1043 1870 1085 1900 69
1105 1866 1169 1897 Stet
1191 1867 1281 1897 honos
1289 1878 1302 1905 ‚·
1326 1876 1386 1897 non
1407 1865 1518 1897 defluat
1536 1866 1646 1899 decor:
1669 1868 1754 1900 durat

997 1910 1032 1940 in
1048 1907 1230 1950 Metaphora
1243 1909 1281 1940 de
1294 1909 1432 1940 arborum
1448 1909 1537 1944 foliis.

1039 1956 1077 1988 71
1108 1953 1188 1984 Usus
1215 1953 1294 1983 enim
1310 1951 1396 1993 facil
1425 1954 1640 1985 auctoritatem.
1684 1953 1752 1986 Vct.

996 1994 1099 2026 Schol.

1041 2043 1081 2074 73
1098 2038 1158 2069 Res
1168 2043 1282 2078 gestae‚·
1306 2035 1476 2080 Septimum
1491 2037 1549 2070 hoc
1568 2047 1752 2082 praeceptum

997 2081 1085 2112 dooet
1100 2080 1219 2117 Quibus
1238 2078 1348 2112 Mettis
1372 2081 1498 2124 singulae
1524 2092 1569 2113 res
1590 2083 1752 2115 tractandae

997 2131 1076 2156 sunt.

1042 2173 1082 2203 7⁵
1111 2166 1328 2205 emmonim
1359 2166 1492 2209 lugubris
1517 2169 1656 2208 materia5
1679 2167 1752 2201 hine

996 2208 1115 2252 ἐλεγος
1139 2210 1196 2241 ἀπὸ
1219 2211 1272 2242 τοῦ
1297 2208 1310 2240 ἓ
1333 2209 1436 2251 λέγω.
1458 2210 1497 2242 Β.
1543 2212 1679 2244 Versibus
1693 2220 1754 2244 etc.

993 2253 1171 2286 'hexametro
1186 2261 1217 2285 et
1231 2260 1427 2296 pentametro.
1448 2253 1487 2286 Z.

1042 2302 1082 2334 76
1110 2298 1176 2329 Voti
1197 2298 1340 2328 sententia
1365 2306 1505 2340 compos,·
1527 2298 1650 2329 materia
1672 2297 1753 2338 laeta,

997 2348 1032 2371 ut
1045 2340 1128 2372 lusus
1141 2341 1285 2372 amatorii.

1042 2389 1079 2420 77
1098 2384 1258 2424 Exiguos,-
1280 2390 1397 2421 tenues,
1409 2382 1557 2425 querulos.

1041 2432 1081 2463 78
1101 2427 1303 2459 Grammatici
1339 2431 1474 2466 certant;
1506 2432 1607 2458 utrum
1636 2426 1752 2458 scilicet

994 2468 1204 2512 Polymnestus
1233 2468 1450 2512 Colophonius,
1483 2469 1648 2508 Gallinam,
1677 2469 1753 2501 Ter-

1057 2514 1119 2551 der,
1149 2525 1188 2544 an
1212 2511 1360 2544 Theocles
1385 2512 1511 2546 Naxius.
1529 2512 1573 2545 213.
1615 2512 1655 2545 V.
1671 2512 1751 2545 Mar.

996 2523 1121 2588 &fenon-i.
1133 2556 1200 2588 Art.
1214 2556 1378 2587 Gmmxmt.
1394 2562 1425 2588 a.
1440 2568 1470 2598 p.
1483 2563 1579 2590 25⁵9.
1594 2556 1674 2587 med.
1706 2553 1750 2588 G.

1040 2605 1057 2637 7
1064 2607 1083 2634 9
1098 2599 1149 2631 De
1163 2598 1348 2631 Archilocho
1365 2598 1462 2642 Epist.
1479 2607 1507 2632 1.
1527 2605 1646 2633 ’19-Βο.
1687 2597 1750 2630 ΒΕ.

997 2642 1118 2675 Heinsii
1130 2642 1408 2685 transpositionibus
1420 2654 1508 2686 aeqm
1522 2654 1577 2674 nos
1589 2643 1750 2674 animo-ca·

922 2682 928 2687 ”
991 2698 1060 2718 rere
1075 2697 1160 2730 posse
1173 2685 1343 2718 arbitrabar.
1362 2685 1404 2717 G.

1043 2737 1083 2762 80
1106 2729 1223 2761 Notum
1239 2736 1284 2760 est
1304 2739 1407 2760 soccos
1420 2728 1510 2760 fuisse
1525 2727 1749 2767 Comoe'dorum,

993 2780 1029 2804 et
1049 2773 1220 2805 Cothurnos
1239 2772 1465 2815 Tragoedorum.
1515 2770 1642 2813 Crepida
1663 2770 1750 2802 Deo·

995 2827 1062 2848 rum
1076 2824 1165 2858 atque
1177 2815 1369 2858 Regumerat
1382 2813 1565 2852 Cothumus,
1576 2814 1635 2844 alta
1648 2821 1679 2845 et
1693 2825 1750 2856 pu-

995 2861 1082 2891 niceo
1095 2860 1204 2891 colore.

1042 2904 1080 2944 [ψ
1093 2904 1203 2934 Pedem
1222 2901 1256 2933 h.
1271 2912 1300 2933 e.
1322 2897 1602 2932 totumtsenarimn.
1644 2901 1746 2932 Bentl.

989 2945 1031 2977 <ad
1047 2945 1105 2988 Ep.
1119 2953 1147 2977 l.
1165 2945 1228 2986 19.]

1039 2996 1076 3021 81
1095 2988 1227 3020 Altemz's
1247 2991 1364 3029 aptum,
1383 2984 1416 3016 h.
1432 2995 1459 3015 e.
1474 2983 1668 3028 Dialogismis
1682 2997 1746 3017 sce-

988 3032 1079 3067 nicis.
1123 3031 1315 3074 Πλεῖςαγὸς
1337 3029 1479 3071 ’ἰαμβεῖα
1503 3027 1630 3073 λέγομιν
1656 3029 1684 3063 ἓν
1708 3029 1745 3074 τῇ
