1950 3626
281 351 347 393 xvi
483 351 567 395 DE
595 353 974 398 TEMPORIBUS
1016 351 1330 395 LIBRORUM
1368 350 1614 395 HORATII

285 478 326 527 I.
349 478 455 528 libri
479 480 614 540 tertii,
643 499 685 529 v.
714 490 759 535 7.
788 491 836 530 et
867 489 939 536 17.
971 480 1036 529 ita
1059 478 1345 544 Propertius
1370 477 1561 545 Eleg.1.
1583 478 1812 527 librorum

283 563 353 612 ΙΙ.
384 563 483 613 ΙΙΙ.
508 574 556 614 et
581 565 671 613 lv.
701 574 826 614 utet
851 564 980 614 Libri
1008 563 1076 612 11.
1109 563 1271 628 Elegia
1303 562 1369 611 X.
1399 579 1439 610 v.
1469 570 1547 613 25.
1575 570 1624 611 et
1657 560 1810 611 XIX.

282 665 322 695 v.
346 655 424 707 39.
453 648 518 698 ita
539 648 769 715 Virgilius
793 648 1016 698 Bucolica
1034 648 1178 707 dedit,
1203 647 1267 696 uti
1293 655 1425 711 patet
1446 662 1504 694 ex
1530 645 1697 695 ultimo
1715 644 1811 703 illo,

281 731 570 783 Extremum
609 734 746 792 hunc,
789 734 1048 793 Arethusa,
1082 732 1205 780 -milzi
1241 732 1426 780 concede
1466 729 1698 779 laborem:
1748 728 1816 777 ita

279 816 416 867 Naso
451 818 686 867 Amorum
729 826 779 867 et
810 817 1036 867 Tristium
1077 826 1126 866 et
1163 815 1468 866 Ponticorum
1509 814 1669 873 libros,
1712 811 1816 876 ipso

278 910 430 951 teste:
480 902 547 955 ita
581 901 771 952 Statius
806 902 955 952 Silvas
994 918 1135 951 suas:
1178 900 1245 950 ita
1280 898 1537 948 Martialis
1565 897 1817 963 Epigram-

276 993 419 1045 mata,
457 994 509 1034 ut
546 985 854 1035 Praefationes
890 1002 1055 1035 eorum
1095 985 1238 1034 fidem
1270 983 1476 1033 faciunt:
1514 982 1580 1030 ita
1616 980 1820 1030 Persius

277 1067 481 1127 Satiras;
519 1067 762 1118 Plzaedrus
797 1081 846 1118 et
868 1069 1080 1119 Avienus
1116 1070 1351 1119 Fabulae:
1391 1067 1642 1127 Ausonius,
1679 1064 1818 1115 Pru-

274 1150 472 1210 dentius,
516 1150 743 1211 Sidonius,
786 1152 1143 1216 Venautiusque,
1179 1167 1268 1198 sua
1298 1150 1556 1207 Carmina3
1593 1149 1724 1211 quod
1757 1165 1817 1196 ex

273 1248 439 1280 eorum
465 1232 893 1299 Prologisrabunde
919 1242 1063 1296 patet.
1137 1231 1272 1289 Quid
1307 1230 1517 1296 quaeris?
1554 1230 1668 1294 Ipse
1701 1246 1820 1293 quo·

273 1330 367 1379 que
394 1314 623 1365 Horatius
650 1315 859 1366 Libellos
884 1333 996 1365 suos
1011 1315 1217 1381 junctim
1240 1315 1392 1364 editos
1425 1322 1588 1379 aperte
1609 1314 1787 1365 indicat
1802 1333 1816 1375 ;

272 1398 478 1463 primum
517 1399 797 1474 Carminum
833 1401 1007 1448 librum
1040 1417 1098 1448 ex
1140 1399 1375 1465 Prologo3
1420 1399 1682 1447 secundum
1723 1408 1818 1448 ter-

271 1482 488 1548 tium-que
507 1500 565 1531 ex
586 1484 824 1550 Epilogis;
865 1482 1061 1547 Epodos
1092 1497 1150 1530 ex
1176 1481 1255 1529 illo
1290 1480 1438 1529 XIV.
1468 1480 1686 1546 Inceptos
1708 1482 1815 1530 olim

261 1565 547 1629 promissum
581 1582 771 1615 carmen
794 1565 980 1615 Iambos
1015 1567 1080 1614 ad
1110 1564 1374 1614 umbilicum
1410 1566 1638 1614 adducere
1649 1584 1671 1623 ,·
1707 1565 1816 1613 Ser-

271 1663 467 1696 monum
491 1648 695 1713 priorem
719 1650 891 1699 librum
914 1666 973 1698 ex
1000 1666 1136 1698 versu
1161 1649 1343 1708 ultimo,
1367 1649 1406 1697 Ι
1414 1660 1540 1713 puer
1557 1657 1699 1714 atque
1721 1665 1816 1697 meo

270 1730 394 1780 citus
426 1732 525 1782 haec
553 1732 788 1784 subscribe
827 1752 1093 1795 LIBELL03
1134 1735 1440 1799 posteriorem
1476 1750 1535 1782 ex
1572 1733 1812 1801 Prologo:

270 1814 475 1880 priorem
501 1814 957 1882 vero‘Epistolarum
994 1829 1044 1868 et
1077 1836 1136 1868 ex
1165 1819 1373 1885 Prologo
1407 1827 1457 1866 et
1493 1815 1552 1867 ex
1589 1818 1809 1886 Epilogo.

270 1898 510 1956 Quartum
535 1917 647 1951 vero
672 1902 714 1951 C
717 1903 949 1952 arminum
973 1915 1021 1954 et
1049 1905 1370 1969 Epistolarum
1390 1906 1653 1955 secundum
1674 1905 1820 1973 longa

268 1992 378 2048 post
401 1994 558 2034 cetera
579 1986 826 2036 intervallo
856 1989 1054 2038 emissos
1091 2007 1209 2050 esse,
1237 1990 1564 2056 plenissimum
1601 1998 1675 2039 est
1697 1989 1811 2040 Sue-

267 2068 383 2117 tonii
404 2069 735 2130 testimonium,
763 2072 893 2135 quod
919 2071 1001 2137 qui
1025 2083 1109 2124 aut
1136 2075 1348 2124 refellere
1384 2085 1468 2125 aut
1501 2076 1694 2124 eludere
1730 2092 1809 2125 co-

265 2161 448 2211 nantur,
474 2152 661 2202 inanem
686 2171 882 2219 operam
906 2157 1162 2208 insumunt.
1237 2159 1329 2209 His
1348 2161 1453 2221 jam
1482 2159 1676 2224 positis;
1714 2161 1809 2225 pri-

264 2254 392 2286 mum
435 2237 624 2288 Horatii
668 2257 790 2305 opus
835 2237 994 2292 statuo
1039 2238 1313 2293 Sermonum
1358 2243 1530 2293 librum
1579 2244 1806 2310 primum,

261 2337 404 2385 quem
424 2322 624 2373 triennio
644 2325 840 2389 perfecit
857 2325 979 2376 intra
999 2344 1148 2377 annos
1168 2328 1320 2378 aetatis
1340 2329 1543 2378 XXVI.
1569 2330 1803 2379 XXVII.

260 2406 525 2456 XXVIII.
556 2418 724 2472 postea
744 2411 992 2461 secundum
1014 2412 1214 2462 triennio
1237 2414 1416 2475 itidem,
1438 2415 1573 2464 annis
1595 2415 1802 2465 XXXI.

259 2491 496 2547 XXXII.
542 2491 809 2544 XXXIII.
849 2496 1020 2546 deinde
1062 2496 1252 2563 Epodos
1296 2498 1500 2557 bienni0,
1545 2498 1799 2549 XXXIV.

257 2585 307 2624 et
349 2576 578 2627 XXXV.
626 2586 727 2628 tum
777 2578 1056 2631 Carminum
1103 2582 1275 2631 librum
1325 2583 1537 2648 primum
1583 2583 1800 2646 triennio,

256 2658 513 2711 XXXVI.
563 2662 850 2714 XXXVII.
898 2666 1220 2716 XXXVIII.
1282 2664 1541 2717 Secundum
1595 2668 1799 2731 biennio,

258 2744 370 2794 XL.
420 2745 562 2796 XLI.
622 2748 835 2798 Tertium
883 2750 1061 2815 pariter
1108 2750 1310 2812 biennio,
1365 2751 1538 2801 XLII.
1593 2753 1797 2803 XLIII.

256 2827 366 2878 inde
391 2829 719 2895 Epistolarum
735 2833 944 2900 primum
969 2834 1171 2896 biennio,
1200 2836 1394 2886 XLVI.
1434 2837 1657 2888 XLVII.
1697 2848 1798 2889 tum

258 2910 539 2964 Carminum
559 2916 639 2967 lib.
667 2926 893 2986 quartum
914 2928 964 2969 et
995 2918 1236 2972 Sa’culare
1266 2921 1482 2984 triennio,
1511 2924 1708 2975 XLIX.
1737 2920 1796 2975 L*

260 2996 346 3047 L1.
388 2997 639 3051 Postremo
677 3002 851 3057 Artem
887 3002 1136 3056 Poeticam
1171 3016 1222 3057 et
1258 3006 1587 3073 Epi-stolarum
1623 3004 1798 3062 librum
