1950 3626
503 314 546 359 J.
590 313 655 369 Μ.
698 310 996 357 GESNERI
1034 309 1399 354 PRAEFATIO.
1693 309 1737 352 xi

195 443 554 505 tiene-expertes,
580 450 664 490 aut
685 457 781 489 non
803 439 916 489 satis
939 437 1231 488 familiariter
1253 436 1423 486 versati
1451 452 1561 484 cum
1586 435 1735 500 scrip-

195 537 311 586 tore,
338 543 482 590 quem
503 535 801 575 contrectare
826 525 1021 583 audent,
1042 522 1276 588 corrigere
1300 519 1481 584 aliquid
1503 529 1553 568 et
1575 536 1735 568 emen-

194 611 309 660 dare
332 619 578 659 conantur.
648 609 788 665 Talia
810 610 960 658 multa
978 625 1087 657 cum
1112 623 1206 655 non
1228 606 1507 672 ignorarem,
1530 604 1736 668 praeterii

194 693 362 753 sciens,-
381 706 439 742 ac
460 693 573 742 satis
598 693 741 742 habui
764 693 869 757 ipso
893 691 1076 741 silentio
1098 691 1159 740 de
1175 690 1267 738 illis
1282 689 1545 754 judicasse.
1608 687 1735 736 Ean-

194 779 303 827 dem
328 778 427 827 fere
457 778 687 827 rationem
713 777 843 826 tenui
864 776 990 826 circa
1006 784 1308 840 portentosos
1336 771 1575 822 Harduini
1594 788 1735 821 cona·

153 871 161 875 *
194 871 284 920 ωε,
313 863 395 926 qui
424 862 471 911 in
498 861 932 922 Pseudo-Horatio,
965 871 1106 925 parte,
1130 875 1330 923 operum
1357 856 1546 906 Varior.
1573 857 1732 905 Amst.

202 953 326 1003 1733
363 946 442 994 fol.
468 946 640 1012 Lyrica
662 946 895 1009 opuscula
918 945 1090 1003 omnia,
1118 961 1215 1008 qua
1244 943 1429 991 solebat
1460 939 1736 1005 importuni·

194 1039 291 1079 tate
321 1039 370 1079 et
399 1029 708 1095 impudentia,
733 1029 881 1078 veteri
907 1028 1125 1087 Horatio,
1150 1029 1286 1092 cujus
1310 1043 1415 1075 esse
1446 1025 1620 1074 fatetur
1642 1041 1738 1074 ser·

194 1131 361 1165 mones
378 1124 522 1178 atque
547 1114 785 1178 epistolaS‚
808 1114 1093 1178 abjudicata,
1112 1111 1294 1162 cohorti
1310 1111 1524 1174 impurae,
1544 1109 1592 1158 in
1610 1125 1737 1157 cere-

196 1201 282 1248 bro
313 1198 459 1262 ipsius
482 1198 727 1257 nidulanti,
754 1197 994 1257 adscribit,
1027 1214 1134 1260 quae
1159 1196 1335 1245 saeculo
1359 1193 1515 1243 XIII.
1543 1210 1602 1242 ea
1626 1210 1739 1242 con·

198 1282 386 1333 finxerit
408 1291 458 1330 et
480 1281 683 1346 antiquis
706 1281 974 1329 hominibus
994 1297 1077 1344 per
1090 1281 1307 1328 fraudem
1330 1277 1601 1342 subjecerit,
1629 1294 1737 1341 quae

112 1398 118 1405 -
196 1365 364 1430 puerili
377 1364 654 1413 credulitate
673 1364 910 1423 Ciceroni,
934 1364 1147 1430 Virgilio,
1163 1362 1346 1421 ceteriS,
1370 1361 1542 1411 eruditi
1555 1377 1735 1420 omnes,

196 1457 305 1498 ante
329 1464 474 1511 quam
498 1448 600 1512 ipse
625 1447 902 1506 exoriretur,
930 1447 1192 1496 tribuerint.
1267 1446 1441 1509 Hujus,
1470 1445 1738 1509 speciminis

195 1549 355 1592 causa,
378 1540 599 1596 portenta
618 1530 839 1595 quaedam
866 1530 1064 1597 insignia
1086 1529 1356 1594 deportavi;
1385 1538 1652 1579 ceterorum
1677 1546 1739 1586 ne

194 1615 483 1665 mentionem
502 1614 696 1678 quidem
719 1607 985 1663 faciendam
1005 1614 1182 1663 censui.

264 1699 376 1749 Nec
393 1699 532 1747 valde
556 1698 998 1747 commemorabiles
1024 1700 1253 1763 putabam
1278 1699 1397 1747 ullas
1418 1699 1736 1765 trajectiones,

196 1802 316 1850 quas
342 1784 473 1834 Dan.
497 1783 738 1843 Heinsius,
760 1792 811 1832 et
829 1782 1068 1843 Boivinus‚
1094 1792 1143 1832 et
1163 1799 1257 1831 non
1281 1782 1349 1832 ita
1371 1781 1555 1847 pridem
1580 1784 1739 1832 Aldri-

196 1870 371 1931 chius*,
390 1869 647 1920 commenti
662 1878 798 1929 sunt;
823 1869 951 1933 quod
965 1885 1114 1936 genus
1127 1867 1414 1917 emendandi
1428 1875 1529 1916 tum
1545 1869 1738 1916 demum

197 1954 442 2020 probabile
491 1954 558 2014 fit,
597 1941 717 2003 'cum
762 1962 920 2017 potest
964 1952 1088 2002 ratio
1123 1951 1489 2017 perturbationis
1528 1953 1603 2001 vel
1639 1953 1741 2002 folii

198 2040 335 2093 unius
370 2039 634 2104 pluriumve
658 2038 951 2103 trajectione,
978 2038 1051 2086 vel
1081 2055 1141 2086 ex
1172 2038 1424 2085 verborum
1459 2037 1739 2086 eorumdem

196 2124 489 2189 repetitione,
516 2124 584 2173 ita
607 2125 734 2172 clare
756 2122 1086 2182 demonstrari,
1114 2132 1166 2171 ut
1185 2121 1334 2170 oculis
1358 2120 1487 2170 cerni
1510 2130 1560 2170 et
1589 2137 1739 2186 prope

198 2226 340 2258 manu
365 2208 515 2258 teneri
539 2225 614 2257 res
640 2207 803 2272 possit,
835 2207 1080 2272 quomodo
1108 2216 1328 2257 curatum
1351 2224 1381 2255 a
1403 2206 1540 2255 nobis
1557 2206 1738 2256 Demo-

187 2292 377 2340 sthenis
400 2291 668 2339 encomium
691 2291 984 2340 Lucianeum
1009 2291 1309 2344 arbitramur.

265 2375 342 2424 An
367 2375 459 2424 huc
485 2374 728 2424 referimus
754 2374 897 2423 etiam
921 2375 1052 2424 illam
1068 2375 1349 2435 Sanadonis,
1370 2373 1599 2441 ingeniosi
1622 2390 1758 2438 sane-

197 2468 341 2523 atque
365 2459 535 2508 eruditi
554 2458 770 2518 hominis,
790 2457 1133 2508 ordinationem
1150 2459 1370 2508 Odarum
1390 2458 1596 2518 Horatii,
1612 2475 1736 2522 quas,

196 2558 257 2592 ne
289 2541 402 2606 quid
441 2542 569 2591 aliud
605 2542 835 2603 dicamus,
868 2553 1101 2610 repugnat
1132 2560 1229 2592 non
1258 2543 1389 2592 libris
1421 2543 1564 2592 modo
1586 2543 1738 2592 omni-

198 2628 301 2686 bus,
327 2643 532 2690 quorum
566 2627 627 2675 ad
659 2643 747 2675 nos
779 2627 1010 2676 memoria
1041 2627 1268 2693 pervenit,
1298 2629 1383 2678 sed
1422 2645 1531 2678 cum
1568 2627 1737 2678 ceteris

252 2828 278 2851 ‘¹‘
308 2826 388 2873 Qui
410 2827 531 2866 serm.
548 2833 586 2867 2.
601 2833 641 2868 3.
662 2828 780 2880 plane
791 2829 903 2868 aliter
921 2830 1129 2877 ordinavit,
1145 2830 1195 2869 ad
1214 2831 1329 2882 cujus
1357 2836 1524 2868 mentem
1543 2843 1591 2868 ea
1603 2830 1739 2882 ecloga

199 2912 380 2950 exproesa
393 2900 502 2938 estin
515 2899 624 2938 calce
640 2900 890 2939 Baxterianae
905 2902 1099 2942 secundae.
1156 2901 1216 2941 De
1232 2900 1383 2940 Heinsii
1396 2909 1436 2939 et
1450 2900 1602 2941 Boivini
1618 2912 1739 2939 cona·

201 2971 303 3010 tibus
318 2971 395 3011 vid.
411 2971 541 3011 Bentl.
558 2971 608 3010 ad
623 2971 745 3023 Epist.
768 2977 806 3012 2.
828 2977 866 3012 2.
886 2975 950 3016 87.
