1950 3626
408 314 695 358 PRAESlDIA
724 315 999 362 QUAEDAM
1029 318 1221 362 HUJUS
1250 317 1562 362 EDITIONIS.
1679 317 1750 360 xxi

217 447 316 488 tate
353 442 570 504 possideo
603 445 874 508 exemplum
911 443 1074 508 primae
1100 461 1206 508 quae
1232 445 1387 494 adhuc
1425 444 1627 494 innotuit
1649 444 1749 493 edi-

216 522 369 584 tionis,
407 526 551 576 cuivis
586 527 707 576 libro
732 527 841 576 MS.
869 517 1006 576 facile
1038 530 1425 593 comparandum,
1467 547 1573 593 quae
1605 530 1748 579 editio

214 622 321 657 cum
344 610 520 659 nullam
545 611 751 672 editoris,
778 611 884 672 loci,
912 612 1138 676 temporis
1164 630 1436 678 expressam
1461 612 1749 662 mentionem

213 691 399 756 habeat,
436 711 496 743 ne
527 695 713 745 titulum
746 696 938 760 quidem
975 714 1012 745 s.
1038 697 1257 758 indicem,
1285 699 1558 763 conjectura
1588 696 1749 746 nescio

212 792 355 838 quam
379 780 611 842 probabili
633 780 844 829 Antonio
875 781 1052 830 ZarOto
1089 781 1348 842 Parmensi,
1376 791 1424 830 et
1453 780 1744 842 Mediolano,

211 868 260 910 et
284 878 409 911 anno
448 863 631 913 circiter
662 873 801 920 1470.
846 882 875 913 a
918 864 1181 914 Maittairio
1213 865 1499 932 adsignatur.
1574 865 1747 914 Literae

210 955 321 1017 sunt
341 947 443 1012 ejus
466 948 645 1008 formae,
673 965 819 1012 quam
837 948 868 998 J
873 948 1094 998 ensonius
1117 949 1342 1010 adhibuit,
1369 951 1450 999 sed
1477 951 1638 1015 paullo
1663 950 1750 999 mi·

210 1046 299 1080 nus
321 1033 458 1081 cultae
495 1042 543 1082 et
578 1034 917 1098 incompositae,
961 1045 1013 1084 ut
1051 1046 1293 1101 appareat,
1336 1054 1491 1102 neque
1530 1032 1749 1087 matrices

205 1113 353 1163 ‘fuisse
376 1117 442 1165 ita
466 1118 698 1181 perfectas
724 1127 774 1167 ut
808 1119 936 1168 fuere
961 1121 1281 1182 Jensonianae,
1317 1138 1472 1186 neque
1506 1122 1573 1171 ita
1607 1139 1748 1171 accu-

213 1207 363 1247 ratam
410 1218 628 1250 versuum
672 1202 1022 1269 dirigendorum
1061 1205 1304 1254 rationem.
1401 1206 1553 1254 Porro
1598 1207 1746 1255 literae

211 1284 353 1333 nullae
380 1285 591 1345 initialeS‚
623 1303 749 1351 saepe
774 1285 801 1333 s
833 1288 1022 1354 longum
1058 1288 1103 1336 in
1137 1288 1230 1337 fine
1256 1289 1384 1338 vocis
1411 1290 1618 1354 positum
1654 1298 1744 1339 ete.

212 1367 449 1417 Volumen
487 1370 1128 1434 constat'quinternionibus‚
1167 1373 1195 1421 i.
1223 1390 1264 1422 e.
1306 1374 1516 1437 quinque
1550 1373 1747 1440 plagulis

209 1451 562 1518 (semiplagulas
585 1454 800 1520 vulgares
826 1455 1144 1519 aequantibus)
1170 1457 1431 1520 duplicatis,
1460 1466 1513 1506 ut
1536 1457 1748 1506 oriantur

208 1534 437 1584 denorum
465 1537 682 1586 foliorum
708 1538 866 1598 libelli,
893 1539 959 1588 ita
983 1541 1169 1590 consuti
1204 1541 1386 1601 deinde,
1415 1550 1468 1590 ut
1497 1540 1544 1589 in
1576 1540 1745 1589 mediae

206 1618 408 1684 plagulae
434 1621 565 1669 sulco
602 1621 892 1687 adglutinata
928 1623 988 1672 sit
1025 1624 1177 1673 tenuis
1218 1625 1344 1692 virga
1368 1627 1746 1698 membranacea,

207 1722 315 1769 quae
352 1705 432 1755 fila
463 1708 714 1769 contineat,
754 1718 803 1758 et
841 1709 1110 1758 firmitatem
1147 1719 1351 1774 praestet·
1373 1696 1538 1758 codici.
1613 1708 1749 1758 Folia

205 1789 309 1854 ipsa
343 1807 436 1839 non
475 1791 850 1862 signatauneque
883 1793 1027 1842 literis
1068 1810 1224 1858 neque
1262 1794 1483 1855 numeris,
1524 1795 1745 1843 custodes

205 1873 335 1933 nulli,
361 1876 540 1924 nullum
568 1877 829 1944 registrum,
855 1877 1002 1927 literae
1029 1895 1155 1942 saepe
1181 1879 1507 1943 transpositae3
1550 1878 1748 1928 infantia

205 1957 409 2022 denique
434 1961 560 2022 artis,
600 1970 648 2010 et
672 1978 870 2026 operum
906 1963 1099 2023 ruditas,
1127 1955 1337 2027 undique
1358 1973 1569 2029 apparet.
1642 1965 1745 2014 Vo-

122 2033 127 2039 ’
205 2059 284 2092 ces
309 2045 381 2092 vel
405 2045 606 2107 omissae,
635 2048 710 2096 vel
736 2065 842 2096 cum
867 2047 1012 2112 ipsius
1036 2047 1174 2097 metri
1210 2047 1416 2112 pernicie
1442 2056 1741 2113 permutatae,

205 2126 348 2176 fidem
376 2129 568 2190 faciunt,
596 2148 690 2179 non
726 2131 971 2196 praefuisse
1009 2132 1203 2181 editioni
1242 2130 1623 2182 Grammaticum
1661 2134 1744 2183 sed

204 2210 477 2276 simpliciter
500 2216 770 2279 exemplum
796 2233 949 2275 suum,
989 2216 1018 2264 i.
1060 2234 1203 2265 manu
1243 2217 1470 2281 scriptum
1496 2217 1740 2278 Codicem,

204 2305 392 2347 secutos
429 2315 532 2347 esse
572 2301 908 2366 typographos.
983 2300 1128 2349 Unde
1167 2300 1284 2349 illud
1319 2302 1634 2365 consequitur,
1675 2312 1741 2362 ut,

205 2399 312 2446 quae
340 2383 474 2431 bonae
501 2392 611 2431 sunt
636 2383 876 2443 lectiones,
905 2400 985 2432 eas
1023 2386 1084 2432 ab
1119 2384 1315 2448 antiquo
1353 2385 1529 2445 codice,
1564 2403 1660 2435 non
1683 2390 1745 2437 ab

202 2467 390 2534 ingenio
415 2468 693 2517 correctoris
731 2485 849 2528 esse,
887 2468 1213 2535 intelligamus.
1289 2468 1618 2519 Memorabilis
1660 2472 1744 2520 ad-

203 2553 398 2600 modum
423 2552 536 2601 mihi
572 2552 671 2601 visa
704 2561 777 2601 est
806 2552 960 2612 lectio,
989 2570 1133 2616 quam
1170 2553 1299 2602 solus
1335 2553 1412 2602 hic
1447 2554 1565 2604 liber
1599 2557 1745 2607 habet

205 2635 360 2701 Epist.
387 2648 431 2690 2.
460 2645 505 2689 2.
541 2645 648 2690 140.
666 2636 878 2703 pretium
901 2637 1080 2698 memiS,
1107 2646 1159 2687 ut
1183 2636 1506 2689 ibiadmonui.
