1924 3458
926 242 1024 292 589

107 377 272 418 auctus
308 369 431 417 mole
466 383 553 415 sua
584 367 834 425 laboraret,
860 370 944 416 sed
966 370 1077 419 vicit
1111 377 1270 419 tamen
1296 369 1471 418 utilitas
1509 372 1708 435 publica,
1736 391 1842 438 quae

30 443 34 447 ’
107 459 235 508 certe
257 459 409 523 major
430 455 680 503 videbatur
699 455 801 503 fore
824 455 871 503 in
894 457 963 517 iis,
990 476 1096 522 quae
1119 445 1296 506 'addere
1321 458 1672 521 constitueram,
1699 480 1842 526 quam

104 546 151 594 in
186 544 542 595 enumeratione
566 560 737 591 vocum
760 543 929 593 nullius
962 546 1009 593 in
1028 545 1194 594 Indice
1218 563 1345 605 usus,
1366 545 1454 594 nisi
1477 547 1515 594 si
1538 549 1845 600 adhibeantur

105 650 214 682 cum
237 632 470 700 elegantia
491 631 728 698 singulari,
756 634 919 697 quales
950 642 1058 683 sunt
1081 650 1151 693 ac,
1177 643 1237 694 et,
1263 635 1315 694 si,
1342 651 1428 701 que
1450 644 1499 682 et
1522 652 1578 683 ηε
1600 637 1841 699 encliticae‚

104 730 153 770 et
191 739 297 786 quae
341 721 445 770 aliae
481 721 695 785 ejusd‘em
739 730 848 770 sunt
886 722 1082 789 generis,
1126 740 1326 787 quarum
1367 723 1622 772 maximam
1663 735 1843 788 partem

104 811 313 871 resecui;
353 821 551 875 partem,
590 820 642 859 ut
675 827 839 861 earum
876 829 989 861 usus
1026 822 1224 876 pateret,
1267 812 1462 872 retinui3
1500 821 1698 876 partem,
1738 832 1843 878 quae

104 919 199 951 non
222 903 464 967 vulgarem
488 917 625 949 usum
652 917 747 964 prae
774 917 824 949 se
848 901 1042 962 ferebat,
1068 901 1259 951 retentis
1284 901 1479 966 subjeci.
1538 902 1664 958 Quae
1684 919 1845 953 neces-

105 993 228 1041 saria
250 991 368 1041 scitu
392 999 503 1039 sunt
524 990 584 1038 de
609 988 902 1037 dimensione
926 989 1062 1039 unius
1085 999 1228 1056 atque
1247 991 1437 1040 alterius
1464 992 1587 1040 Odae
1611 1008 1670 1039 ex
1688 1002 1845 1042 mente

107 1079 321 1138 Bentleii,
346 1079 449 1144 ipse
482 1095 568 1126 suo
592 1078 699 1127 loco
724 1078 921 1140 monuit,
947 1088 1002 1128 ut
1023 1081 1114 1129 hoc
1138 1081 1243 1129 loco
1262 1089 1473 1146 repetere
1496 1081 1607 1129 nihil
1631 1081 1841 1132 attineat.

107 1168 256 1225 Quod
279 1167 318 1216 si
342 1168 474 1228 forte,
503 1176 557 1216 ut
581 1167 792 1216 homines
824 1185 918 1216 non
953 1184 1141 1233 semper
1162 1170 1328 1218 eadem
1352 1170 1520 1219 mentis
1553 1170 1652 1219 acie
1684 1171 1844 1220 omnia

106 1257 435 1323 dignoscimus,
466 1256 637 1306 alicubi
661 1274 892 1322 erravero,
918 1257 1076 1307 Tuum
1101 1269 1173 1309 est
1190 1259 1429 1327 ignoscere
1452 1259 1627 1308 homini
1652 1259 1759 1309 huic
1781 1259 1841 1308 de

107 1345 274 1395 Literis
298 1349 418 1396 bene
443 1346 610 1395 mereri
634 1346 854 1410 cupienti.
922 1347 1061 1397 Vale.
