1950 3626
216 387 258 426 xl
451 388 753 430 AUCTORIS
790 390 1092 431 JUDICIUM
1129 392 1208 431 DE
1247 390 1533 429 HORATIO.

220 496 335 542 Quin
368 506 410 541 et
439 498 545 543 Julii
576 500 689 544 Flori
727 501 1028 559 Satymgraphi,
1066 501 1262 558 prodente
1302 500 1446 543 eodem
1487 495 1759 540 eruditissimo

221 569 461 628 Scholiaste,
494 575 706 618 exstabant
724 575 885 619 Electae
906 590 958 619 ex
976 575 1130 628 Ennio,
1159 574 1339 628 Lucilio,
1359 583 1400 616 et
1417 574 1611 616 Varrone.
1669 570 1758 615 De-

219 645 345 704 nique
382 663 486 692 nova
515 649 745 704 Comoedia,
777 658 942 694 auctore
969 649 1205 708 Cruquiano
1232 650 1470 707 Interprete,
1499 645 1758 702 Ἐκλεγομένη

220 718 494 777 ὖπωνῠμάζετο,
526 724 636 781 quod
666 724 824 781 optima
851 740 1025 783 qumque
1047 727 1109 781 (ut
1127 726 1242 782 puto)
1277 739 1300 766 e
1333 724 1458 767 veteri
1478 719 1695 765 Comoedia
1715 717 1758 760 in

220 804 341 834 usum
372 808 492 838 suum
531 798 769 855 delegerit*.
829 799 939 842 Illud
969 807 1108 842 autem
1140 799 1184 841 in
1215 799 1296 842 hoc
1327 807 1418 841 vate
1454 799 1519 841 vel
1551 794 1759 854 proecipue

220 865 471 912 laudandum
492 871 612 926 duco,
645 873 755 930 quod
775 887 869 916 cum
891 873 977 930 ipse
996 873 1047 916 sit
1066 881 1108 915 et
1126 873 1268 929 lingua
1286 872 1403 926 liber,
1424 881 1465 914 et
1486 867 1759 928 superstitioni

220 943 400 987 maxime
432 947 632 1003 adversus,
651 964 852 1007 nusquam
879 957 1018 993 tamen
1049 949 1215 1007 publica
1242 964 1355 991 sacra
1384 948 1528 1000 loedat3
1557 955 1758 1000 nusquam

218 1016 324 1061 viros
339 1019 515 1065 ‹illustroe
536 1023 579 1066 in
598 1039 643 1067 os
662 1025 915 1082 proscindat3
942 1039 1142 1082 nusquam
1164 1024 1359 1079 ingenuas
1380 1022 1570 1065 foeminas
1592 1020 1635 1062 in
1654 1018 1759 1075 pub-

220 1091 301 1134 lica
315 1094 499 1138 traducat
519 1097 637 1151 facie,
661 1113 832 1156 quarum
852 1107 894 1141 et
909 1098 1012 1141 veris
1032 1098 1266 1140 nominibus
1284 1111 1445 1153 semper
1463 1094 1617 1152 parcit;
1648 1106 1757 1134 nun-

220 1179 344 1222 quam
364 1167 544 1226 projecte
565 1172 766 1228 loquatur,
796 1172 873 1214 nisi
894 1171 1003 1227 apud
1022 1186 1149 1213 anum
1169 1178 1211 1212 et
1239 1178 1427 1226 turpem;
1458 1175 1631 1224 excepto
1650 1165 1760 1223 quod

220 1239 263 1282 in
299 1240 441 1298 Satyra
471 1245 650 1287 secunda
681 1245 901 1287 Luciliana
934 1244 1102 1286 licentia
1132 1259 1184 1286 ex
1215 1243 1429 1286 occasione
1459 1256 1554 1283 usus
1587 1240 1651 1282 sit.
1709 1238 1760 1280 In

218 1314 322 1357 Odis
342 1323 480 1359 autem
500 1318 692 1362 Alcaeum
711 1326 754 1360 et
769 1317 937 1375 Sappho
956 1318 1137 1360 imitatus
1152 1326 1213 1360 est
1231 1317 1487 1374 potissimum
1503 1332 1514 1367 ;
1545 1315 1588 1357 in
1605 1313 1760 1371 Epodis

218 1388 531 1445 Archilochum,
561 1400 603 1434 et
623 1392 667 1435 in
686 1392 952 1436 Sermonibus
971 1393 1165 1435 Veterem
1190 1392 1465 1444 comoediam,
1486 1389 1615 1446 magis
1634 1403 1758 1446 quam

216 1461 441 1509 Lucilium.
503 1465 554 1508 In
573 1466 677 1510 Odis
711 1467 879 1510 sublimi
911 1467 1143 1510 charactere
1173 1482 1267 1509 usus
1287 1474 1360 1518 est,
1390 1474 1432 1507 et
1462 1477 1758 1520 nonnunquam

218 1536 362 1580 florido
381 1546 424 1581 et
440 1554 608 1584 amoeno
613 1556 627 1594 3
658 1541 703 1584 in
719 1541 877 1598 Epodis
899 1541 1049 1584 humili
1056 1557 1070 1594 ;
1101 1549 1142 1583 et
1174 1541 1218 1583 in
1238 1540 1503 1583 Sermonibus
1528 1537 1691 1581 comico
1717 1545 1759 1578 et

219 1610 350 1664 civili3
380 1612 459 1655 nisi
478 1614 588 1671 quod
618 1614 661 1657 in
679 1615 889 1673 Epistolis,
922 1616 1145 1659 accedente
1162 1613 1250 1673 jam
1285 1621 1508 1667 senectute,
1543 1612 1694 1655 omisso
1712 1620 1759 1653 ut

217 1685 444 1741 plurimum
462 1688 562 1731 ludo
580 1696 621 1731 et
633 1687 745 1746 joce,
775 1691 828 1733 ad
842 1689 1180 1747 Philosophicum
1199 1690 1373 1742 vultum,
1408 1688 1470 1730 uti
1489 1687 1641 1740 decuit,
1671 1700 1758 1728 sese

218 1761 502 1817 composuerit.
553 1764 698 1806 Artem
717 1763 928 1808 Poeticam
944 1764 1120 1818 comico,
1142 1764 1223 1807 hoc
1243 1771 1317 1817 est,
1341 1762 1526 1819 Satyrico
1544 1761 1638 1805 stilo
1656 1775 1758 1803 con-

216 1828 388 1892 scripsit.
447 1837 589 1895 Satyra
607 1838 699 1881 haec
718 1846 779 1882 est
793 1840 836 1882 in
857 1840 919 1883 sui
938 1840 1078 1883 saeculi
1097 1847 1249 1898 poetaS,
1268 1839 1474 1897 praecipue
1493 1854 1588 1882 vero
1607 1839 1651 1882 in
1670 1838 1756 1882 Ro·-

218 1923 389 1952 manum
408 1910 578 1955 Drama.
636 1913 713 1956 Est
742 1922 881 1957 autem
907 1914 1136 1958 Horatiana
1162 1915 1304 1972 Satyra
1328 1913 1515 1967 Comica,
1546 1912 1757 1957 Juvenalis

217 1983 424 2028 Invectiva
443 1986 526 2029 sive
544 1987 733 2045 ngica‚
766 1988 973 2046 Persiique
1003 1989 1142 2032 mixta.
1204 1988 1548 2045 Pompeianarum
1578 1987 1754 2045 partium

207 2056 335 2102 'initio
353 2059 497 2114 fuerat,
526 2070 580 2115 et,
603 2069 650 2104 ut
668 2062 840 2116 videtur,
864 2070 974 2106 secta
993 2062 1179 2105 Stoicus:
1210 2053 1351 2105 verum
1371 2063 1446 2105 sub
1465 2063 1665 2118 Augusto,
1683 2076 1757 2119 pa-

216 2132 378 2175 trocinii
414 2142 456 2176 et
488 2135 618 2178 dulcis
650 2124 789 2180 lucelli
826 2137 970 2193 gratia,
1003 2136 1248 2180 sententiam
1282 2151 1398 2179 suam
1419 2138 1483 2179 vel
1511 2136 1757 2189 immutavit,

215 2208 280 2249 vel
301 2209 408 2250 vafre
428 2208 708 2264 dissimulavit,
743 2211 1042 2256 Academicum
1073 2225 1115 2253 se
1146 2212 1359 2268 professus,
1388 2220 1430 2254 et
1461 2212 1637 2273 partium
1667 2227 1758 2255 me-

216 2280 346 2334 dium,
376 2297 671 2341 nonnunquam
692 2284 817 2327 etiam
837 2286 960 2341 plane
978 2284 1244 2342 Epicureum.

263 2425 286 2445 ·
311 2422 485 2459 observat
507 2423 549 2460 F.
569 2422 735 2467 Ursinus,
755 2423 883 2474 Virgil.
902 2425 1028 2463 illustr.
1059 2439 1093 2475 p.
1117 2432 1153 2463 3.
1182 2426 1335 2476 Eclogas
1350 2427 1420 2464 dici
1438 2427 1476 2464 in
1492 2428 1634 2464 vetustis
1648 2427 1756 2465 Codi-

215 2487 317 2524 cibus
328 2487 562 2525 Bibliothecae
575 2489 777 2535 Vadeanae,
788 2504 869 2540 quae
882 2491 966 2529 alias
982 2492 1053 2529 sint
1069 2492 1191 2530 Satirae
1209 2493 1363 2532 Horatii.
1411 2494 1460 2530 V.
1487 2495 1756 2531 Commentato-

215 2566 290 2589 rem
307 2554 418 2603 Cruq.
435 2554 478 2590 ad
493 2553 606 2591 Serm.
623 2560 659 2591 2.
680 2561 711 2592 1.
735 2562 766 2591 ι.
971 2555 1105 2605 Ecloga
1121 2557 1194 2594 ltoec
1208 2558 1322 2594 omnia
1338 2558 1398 2594 sub
1413 2571 1450 2593 se
1464 2559 1635 2595 continet:
1663 2560 1693 2595 si
1708 2560 1757 2596 ad

217 2619 337 2656 Jovem
354 2618 519 2656 prosodia
533 2619 716 2664 dicuntur-3
734 2619 764 2655 si
778 2620 827 2656 ad
837 2619 1048 2666 Apollinem,
1065 2620 1240 2664 Dianam,
1256 2627 1317 2657 aut
1332 2621 1522 2664 Latonam,
1538 2621 1706 2668 Paeanoe3
1724 2625 1755 2660 si

216 2684 264 2720 ad
278 2684 441 2721 Liberum
458 2690 520 2720 aut
537 2683 719 2727 semelem,
735 2682 991 2733 Dithyrambi3
1017 2684 1047 2720 si
1069 2684 1118 2720 ad
1132 2690 1257 2721 ceteros
1273 2685 1385 2729 Deos,
1403 2684 1543 2735 Hymni
1552 2702 1563 2731 3
1589 2687 1620 2723 si
1634 2687 1683 2723 ad
1696 2689 1754 2725 110-

217 2748 323 2799 mines
340 2748 543 2792 laudandos,
560 2747 816 2794 vituperandos,
834 2748 1139 2794 reprehendendos,
1158 2748 1333 2798 lugendos,
1343 2748 1434 2786 Odae
1450 2757 1529 2786 sunt
1545 2756 1579 2787 et
1587 2749 1750 2800 Eelogae:

215 2818 294 2849 sunt
310 2812 397 2848 enim
415 2812 529 2849 brevia
549 2812 742 2849 Poematia.
792 2810 938 2876 Gnsrt.⁵
