1924 3458
209 341 301 378 ι582

678 338 731 384 Q.
764 337 1052 381 HORATII
1088 337 1327 381 FLACCI

370 446 372 448 ’
391 451 585 514 Culpabit
603 454 736 508 duros,
756 454 948 498 incomtis
966 455 1110 497 allinet
1128 461 1262 496 atrum

387 527 631 571 Transverso
650 531 809 579 ea1am0
827 529 1006 586 signum,
1019 527 1412 591 mittiqzaee„c,isset

388 602 656 657 Ornamenta,
675 617 821 660 parum
842 603 960 647 claris
978 605 1117 646 >lucem
1138 603 1234 646 dare
1254 587 1387 658 coget,

388 678 546 734 Arguet
560 677 754 734 ambigue
774 678 945 731 dictum,
966 678 1163 720 mutanda
1182 676 1341 719 notabit
1351 692 1365 728 ;

245 758 331 795 450

389 753 483 795 Fiet
501 753 780 804 Aristarchus3
811 767 896 794 non
910 752 1034 804 dicet,
1057 752 1142 797 Cur
1160 766 1238 807 ego
1257 749 1439 792 amicum

388 827 614 874 Offendam
634 828 678 871 in
696 827 842 884 nugis?
876 827 961 870 Hae
982 826 1395 894 nffiaff.--Sffiffifi¹}.⁰ffi¹t

386 903 768 962 Quaesierispm.
779 899 1427 962 senel,exennium-ertum.

387 977 449 1018 Ut
464 978 572 1029 mala
591 991 716 1033 quem
732 969 886 1018 scabies
905 979 976 1016 aut
994 975 1159 1017 morbus
1177 973 1311 1030 regius
1328 979 1489 1029 urguet,

387 1052 474 1093 Aut
491 1051 690 1092 fanaticus
709 1065 818 1092 error
838 1057 880 1092 et
898 1050 1093 1091 iracunda
1104 1048 1256 1101 Diana,

245 1134 328 1170 455

386 1127 595 1168 Vesanum
614 1124 796 1181 tetigisse
815 1124 966 1167 timent
981 1123 1229 1181 fugiuntque
1246 1127 1432 1179 poetam,

388 1199 474 1246 Qui
493 1199 680 1256 sapiunt3
711 1199 868 1255 agitant
885 1198 1015 1255 pueri,
1035 1197 1271 1254 incautique
1287 1203 1524 1254 sequuntur.

387 1278 489 1331 Hic,
510 1278 609 1320 dum
630 1277 816 1320 sublimis
835 1293 970 1320 versus
990 1284 1183 1330 ructatur,
1204 1284 1245 1318 et
1264 1282 1383 1330 errat,

386 1353 433 1395 Si
452 1352 578 1394 veluti
600 1352 764 1395 merulis
784 1353 964 1395 intentus
984 1351 1138 1394 decidit
1154 1366 1303 1408 auceps

386 1427 438 1469 In
452 1430 629 1484 puteum'
643 1428 867 1480 foveamve,
886 1426 997 1480 licet,
1017 1426 1265 1480 Succurrite,
1285 1427 1458 1481 longum

235 1526 298 1552 450
321 1530 382 1568 non
396 1520 497 1551 Bentl.
511 1530 547 1551 ex
562 1517 661 1550 MSS.
676 1529 732 1549 nec
746 1519 789 1550 al.

204 1635 206 1637 Ι
257 1600 321 1626 446
344 1595 447 1626 Duros
459 1607 472 1634 ,-
493 1594 615 1637 rigidos,
629 1593 774 1636 illepidus.

259 1638 421 1676 Incomtis5
443 1636 578 1675 rudibus,
591 1637 742 1668 inornatis·

258 1687 318 1718 447
343 1680 520 1718 Ambitiosa,
543 1681 631 1711 nimis
660 1686 774 1717 ornata,
800 1685 832 1709 et
855 1677 967 1708 luxuri-

215 1725 312 1755 antia:
331 1724 438 1755 Elatos
453 1728 576 1755 ornatus
588 1723 764 1766 amputabit.
780 1720 850 1752 Vet.
863 1719 966 1751 Schol.

216 1766 278 1798 Cru
302 1791 309 1798 .

218 1779 322 1883 &538
347 1810 431 1840 Dare
455 1810 572 1848 lucem5
594 1808 742 1851 apertiora
757 1806 873 1848 facere.
895 1805 965 1837 Vet.

271 1852 322 1884 iol.

216 1936 246 1969 V
260 1902 324 1930 449
339 1894 507 1969 hAmln'gue
542 1894 674 1933 dictura,-
711 1892 965 1937 Amphibologias.

247 1945 287 1969 et.
299 1937 339 1969 Sc
362 1937 402 1969 ol.

258 1981 434 2019 Mutanda;
456 1991 524 2021 quae
548 1979 660 2010 scilicet
680 1979 781 2022 gustui
797 1989 852 2009 suo
866 1978 965 2009 minus

203 2024 347 2067 placent,
363 2024 418 2054 etsi
432 2023 522 2054 lateat
536 2033 631 2053 eausa.

262 2074 325 2099 450
348 2067 412 2097 Fiet
435 2066 640 2103 Aristarchus,
665 2070 696 2096 et
725 2074 778 2106 per
805 2063 866 2095 hoc
890 2063 966 2095 nihil

217 2117 318 2152 parcet
339 2110 444 2140 amico.
466 2108 505 2140 B.
549 2107 672 2139 Solebat
694 2106 882 2139 Aristarchus
903 2107 967 2142 ‹331-

217 2151 320 2195 λίζειν,
336 2152 465 2195 expungi
480 2151 587 2192 jubere
610 2161 708 2182 versus
729 2149 868 2188 Homeri,
892 2161 967 2193 quos

218 2206 280 2227 non
294 2196 441 2238 probaret.
465 2193 534 2226 Vid.
545 2193 610 2225 Cic.
621 2193 705 2225 Fam.
717 2201 747 2226 9.
762 2201 812 2226 1ο.
833 2193 875 2224 G.

260 2245 322 2270 452
358 2239 501 2269 Derisum
510 2250 523 2276 ,-
556 2236 680 2268 derideri
715 2236 823 2268 dicitur
850 2237 903 2278 qui
928 2236 966 2268 ab

217 2281 306 2314 Irone
319 2281 366 2314 vel
378 2291 476 2313 scurra
488 2280 631 2312 laudatur.
653 2279 692 2311 V.
707 2291 735 2312 v.
749 2285 824 2311 433.

261 2325 429 2367 Exceptum
457 2324 573 2355 sinistre
579 2336 594 2363 ,·
629 2334 763 2366 perverse
798 2329 967 2362 tractatum,

215 2367 339 2399 ridicule
361 2366 510 2406 habitum,
523 2366 595 2399 dum
614 2366 707 2397 credit
724 2367 851 2409 turpiter
869 2377 968 2397 assen-

217 2412 306 2443 tanti.

261 2460 323 2486 453
355 2454 447 2485 Mala
481 2453 590 2484 scabies
599 2465 613 2492 ‚·
649 2453 749 2495 Lepra
783 2452 967 2483 incurabilis.

212 2495 288 2529 'Vet.
303 2495 407 2528 Schol.
421 2495 515 2538 Cruq.
557 2494 643 2527 Mala
655 2502 755 2526 autem
768 2495 878 2526 usitato
889 2493 969 2525 Cha-

216 2541 370 2572 rientismo
383 2540 523 2571 dicuntur
536 2538 599 2569 dira
608 2549 735 2582 quaeque
749 2545 780 2569 et
792 2537 947 2569 horrenda.

262 2577 390 2615 Mor-lius
411 2582 546 2624 Regium
569 2580 686 2625 Vulgus
714 2580 855 2613 letericos
881 2580 971 2623 fugit,

218 2637 259 2658 ne
279 2637 317 2658 ex
339 2633 461 2669 aspectu
484 2625 673 2667 Auruginem
695 2623 824 2667 colligat.
867 2622 972 2655 Mulso

219 2676 337 2701 curatur
346 2668 398 2702 hic
408 2668 540 2706 morbus,
554 2668 634 2699 unde
648 2675 680 2699 et
692 2666 807 2709 Regius
816 2667 905 2710 vulgo
918 2677 971 2740 alp-

220 2712 346 2754 pellatus
357 2719 414 2751 est,
427 2711 508 2754 quod
523 2710 574 2742 hic
591 2718 679 2753 potus
693 2712 820 2742 maxime
835 2718 912 2742 esset
947 2711 971 2741 i-

221 2755 314 2785 vitum
329 2762 359 2785 et
370 2755 494 2786 delicate
507 2755 683 2792 viventium,
697 2761 732 2784 ut
750 2754 822 2785 olim
843 2753 972 2784 ostendit

221 2796 316 2829 Sason
342 2798 380 2829 de
402 2797 514 2836 Nores,
527 2795 720 2828 exVarrone.
742 2796 781 2828 B.
816 2795 896 2828 Plin.
918 2802 970 2827 22.

222 2846 274 2872 24.
304 2852 328 2871 s.
360 2847 411 2872 53.
457 2841 550 2872 Varro
578 2840 705 2880 Regium
733 2840 973 2881 cognominatum

218 2883 528 2955 morbwgarquatum
539 2883 641 2921 tradit,
656 2883 798 2924 qzwniam
812 2884 908 2914 malm
922 2893 974 2914 cu-

222 2930 313 2956 retur.
368 2948 375 2956 .

237 2966 238 2972 ¹
272 2968 383 3008 Urguet
392 2980 405 3006 ,·
426 2968 543 3010 affligit,
557 2968 706 3010 deprimit.

269 3017 332 3041 454
353 3011 513 3042 Fanatimcs
532 3022 611 3042 error
620 3024 634 3050 ;
655 3012 834 3043 Fanaticum
847 3022 972 3043 morem

222 3053 292 3094 pati
311 3053 448 3084 dicuntur
461 3055 513 3094 qui
532 3065 552 3085 a
571 3054 685 3084 Faunis
699 3055 919 3096 percutiuntur,
940 3055 973 3085 id

222 3099 277 3134 eet,
293 3096 344 3136 qui
364 3096 546 3138 lymphatico
569 3097 677 3138 spiritu
690 3097 853 3137 agitantur.
894 3096 965 3128 Vet.

875 1524 935 1549 451
961 1517 1074 1548 ducunt
1090 1517 1124 1549 S.

1211 1523 1272 1549 458
1297 1515 1349 1567 Sic
1364 1515 1454 1547 veluti
1468 1515 1567 1547 MSS.
1590 1522 1608 1546 2
1624 1516 1739 1546 Bersm,

1009 1591 1113 1624 Schol.
1157 1591 1276 1623 Faunos
1287 1599 1388 1624 autem
1400 1599 1430 1624 et
1440 1592 1568 1634 reliquos
1581 1603 1695 1630 manee,
1710 1603 1762 1623 ex-

1010 1643 1098 1677 cepto
1126 1646 1189 1666 uno
1213 1635 1340 1674 Tiresia,
1370 1635 1467 1666 fatuos
1497 1647 1560 1666 esse
1590 1646 1677 1678 supra
1709 1635 1759 1676 [ad

1009 1677 1106 1720 Epis't.
1135 1685 1162 1709 1.
1192 1685 1241 1712 19.
1262 1679 1307 1719 4.]
1340 1678 1533 1710 ostendimus.
1575 1677 1759 1720 Epilepsiam

1009 1732 1062 1751 seu
1076 1720 1264 1752 Comitialem
1276 1721 1414 1752 morbum
1426 1721 1570 1764 intellige,
1601 1733 1670 1752 uem
1683 1732 1761 1752 mor-

1006 1763 1080 1794 bum
1104 1764 1194 1795 etiam
1210 1763 1335 1794 Herculi
1350 1763 1509 1803 Incuboni,
1525 1765 1585 1795 sive
1623 1763 1759 1806 phiahoe,

1007 1807 1112 1838 tribuit
1122 1806 1227 1838 stolida
1239 1814 1373 1838 veterum
1387 1807 1552 1839 credulitas.
1620 1837 1622 1839 .

1051 1851 1201 1881 Iracunda
1224 1850 1329 1881 Diana
1339 1863 1353 1889 ,-
1382 1861 1449 1891 quae
1472 1858 1503 1882 et
1531 1849 1620 1882 Luna
1641 1855 1672 1880 et
1695 1848 1760 1880 He-

1007 1900 1072 1924 eate
1109 1900 1140 1923 et
1171 1891 1260 1924 Prose
1296 1893 1345 1923 ina
1377 1893 1500 1931 dicitur;
1536 1892 1694 1924 Nocturna
1731 1900 1762 1923 et

1007 1934 1154 1966 irritabilis
1175 1935 1240 1966 dea.
1308 1936 1445 1967 utabatur
1465 1935 1530 1967 hoec
1549 1935 1640 1967 fuisse
1654 1934 1761 1966 Mania

1007 1985 1101 2010 mater
1111 1978 1228 2016 larium,
1238 1986 1268 2010 et
1281 1990 1383 2010 vexare
1398 1979 1538 2017 infantes,
1545 1985 1635 2021 atque
1645 1977 1762 2009 adultos

1008 2020 1247 2064 etiam¹singulis
1277 2020 1462 2061 Interluniis‚
1491 2021 1618 2053 deducta
1645 2020 1683 2052 de
1706 2031 1761 2053 suo

1008 2076 1107 2102 cun-u,
1130 2065 1162 2095 in
1183 2064 1314 2096 furorem
1334 2072 1444 2096 vertere
1462 2065 1612 2108 praecipue
1635 2064 1660 2095 si
1681 2074 1762 2096 sacra

1009 2108 1072 2149 ejus
1086 2107 1314 2150 negligerentur.

1051 2157 1114 2182 455
1132 2152 1270 2192 Tetigit-se
1279 2160 1337 2193 pro
1351 2155 1477 2192 tangere.
1497 2149 1567 2183 Vet.
1578 2149 1682 2182 Schol.
1702 2189 1707 2192 .

1051 2197 1115 2244 456
1132 2194 1193 2226 Qui
1207 2195 1328 2237 sapiunt
1335 2206 1349 2233 ‚·
1370 2193 1403 2225 h.
1418 2204 1446 2225 e.
1459 2194 1512 2235 qui
1526 2204 1587 2225 non
1599 2201 1630 2225 et
1644 2194 1700 2237 ipsi
1715 2194 1762 2225 in-

1008 2244 1138 2268 saniunt.
1347 2251 1350 2253 Α

1051 2280 1190 2320 Agitant,
1204 2291 1258 2323 per
1271 2280 1383 2323 plateas
1395 2280 1599 2321 insequuntur.

1054 2323 1184 2362 Incauti,
1195 2323 1278 2354 nulla
1295 2322 1398 2354 habita
1410 2323 1536 2361 ratione,
1557 2322 1604 2353 vel
1617 2322 1699 2354 nulla
1713 2334 1762 2354 ve·

1009 2366 1150 2397 recundia
1173 2366 1314 2397 deterriti.
1340 2365 1380 2397 B.
1421 2364 1511 2397 Pueri
1538 2375 1599 2396 non
1623 2372 1762 2397 metuunt

1010 2410 1231 2451 contagionem,
1247 2416 1278 2440 et
1297 2415 1446 2440 sectantur
1464 2408 1602 2447 furiosos,
1620 2416 1760 2450 tanquam

1011 2453 1165 2483 materiem
1197 2453 1281 2483 risus.
1321 2450 1388 2483 Cic.
1414 2453 1446 2483 in
1473 2450 1561 2483 Verr.
1590 2458 1621 2482 4.
1648 2462 1674 2482 c.
1709 2456 1760 2485 66.

1011 2496 1123 2569 Ηοτηέ
1123 2496 1246 2527 ridicule
1259 2496 1462 2527 insanus—ut
1473 2505 1540 2527 eum
1553 2495 1643 2538 pueri
1655 2499 1762 2526 secten-

1011 2543 1071 2570 tur.
1125 2561 1132 2569 .
1744 2543 1747 2545 ’

1056 2587 1116 2619 457
1134 2579 1214 2612 Cum
1229 2578 1327 2612 MSS.
1350 2579 1475 2622 Cruquii
1490 2586 1522 2611 et
1541 2578 1652 2612 Vetere
1665 2570 1761 2610 Inter-

1012 2631 1095 2666 prete
1124 2634 1179 2667 pro
1207 2625 1346 2656 sublimes
1374 2623 1492 2666 reposui
1519 2622 1663 2654 mamis.
1705 2621 1763 2654 Est

1012 2674 1114 2698 autem
1154 2667 1289 2699 sublimis
1328 2665 1387 2697 hoc
1422 2666 1501 2704 loeo,
1536 2676 1626 2707 quem
1661 2663 1762 2707 Graeoi

1013 2709 1154 2754 μετέωρον
1169 2721 1186 2740 a
1206 2710 1335 2752 pellant;
1357 2708 1390 2741 h.
1412 2720 1441 2741 e.
1479 2708 1512 2739 ui
1530 2707 1625 2739 sidera
1644 2714 1760 2739 tantum

1012 2760 1136 2796 spectat,
1148 2753 1180 2784 in
1193 2753 1286 2784 eriora
1295 2752 1429 2795 despicit„
1484 2761 1520 2782 oc
1531 2751 1600 2781 satis
1614 2750 1763 2782 declarant

1012 2797 1176 2839 sequentia.

1056 2839 1186 2881 Antiqui
1206 2843 1238 2870 et
1258 2843 1341 2870 ructo
1362 2842 1391 2869 et
1410 2840 1511 2868 ructor
1530 2836 1669 2868 diverunt
1681 2849 1691 2867 .·
1715 2837 1763 2869 hic

1011 2893 1116 2924 genere
1123 2881 1259 2925 patiendi
1273 2878 1379 2912 extulit
1392 2883 1538 2910 metatur.
1572 2878 1643 2910 Vet.
1659 2878 1762 2912 Schol.

1010 2933 1013 2936 ·
1033 2937 1035 2940 ·
1057 2926 1152 2957 Errat
1158 2937 1172 2963 ;
1193 2924 1239 2954 sui
1253 2923 1444 2954 admiratione
1454 2921 1624 2953 inebriatur.

1057 2974 1120 3000 458
1136 2966 1279 3004 Mer-ulis,
1293 2965 1362 2996 satis
1375 2964 1426 2995 vili
1439 2965 1576 3007 aucupio.

1055 3017 1119 3044 459
1134 3009 1274 3049 Longum
1296 3010 1424 3049 clamet,-
1457 3009 1600 3050 expressit
1619 3005 1761 3040 Homeri-

1013 3064 1096 3094 cum,
1108 3051 1220 3096 μακρὸν
1231 3049 1330 3085 ἄσιν.
1369 3046 1546 3083 ῙΛωΒίιιω.
