1924 3458
615 292 982 336 CARMINUM
1016 293 1115 336 Lm.
1147 291 1221 336 III.
1260 300 1325 337 24.

385 409 475 451 Nec
495 409 629 451 dotata
647 409 750 465 regit
765 410 897 451 virum

272 490 330 526 20

224 555 231 563 ’
383 557 471 600 Dos
490 565 550 598 est
567 572 716 613 magna
733 555 962 613 parentium

1612 298 1733 345 111³

443 482 614 540 Conjux,
638 498 714 525 nec
734 483 863 542 nitido
879 482 969 544 fidit
986 482 1180 525 adultero.

440 631 590 683 Vinus,
608 639 650 672 et
669 637 853 672 metuens
871 629 1033 672 alterius
1050 629 1126 671 viri

385 706 507 748 Certo
526 705 677 747 foedere
697 704 868 756 castitas,

439 780 497 822 Et
514 793 682 835 peccare
702 779 828 831 nefae,
848 783 918 819 aut
935 775 1111 832 pretium
1130 775 1270 817 emori.
1293 799 1297 802 -

272 861 324 906 25
384 855 423 896 Ο
443 853 621 910 quisquis
639 853 747 894 volet
765 850 909 907 impias

439 928 580 970 Caedes
595 934 636 968 et
655 925 808 968 rabiem
826 925 968 966 tollere
987 922 1184 975 civicam3

380 1002 427 1045 Si
446 1008 599 1058 quaeret
619 1013 770 1042 PATER
791 1011 975 1041 URBmM

440 1074 647 1117 Subscribi
666 1073 816 1125 statuis,
838 1070 1081 1114 indomitam
1097 1070 1243 1112 audeat

381 1149 600 1191 Refrenare
618 1146 840 1197 licentiam,

272 1232 326 1269 30

441 1227 581 1268 Clarus
599 1224 858 1281 postgenitis3
890 1229 1086 1279 quatenus
1108 1222 1205 1278 (heu
1223 1223 1334 1264 nefas
1349 1221 1376 1275 l)

382 1300 584 1342 Virtutem
605 1299 855 1340 incolumem
873 1296 1046 1348 odimus,

439 1373 650 1414 Sublatam
670 1386 722 1413 ex
739 1370 867 1413 oculis
886 1368 1103 1425 quaerimus
1122 1368 1261 1410 invidi.

382 1445 493 1491 Quid
510 1445 639 1486 tristes
658 1442 936 1501 querimoniae,

437 1518 483 1560 Si
501 1533 583 1560 non
601 1517 801 1574 supplicio
819 1517 939 1571 culpa
955 1515 1177 1557 reciditur?

211 1639 252 1664 Μ
273 1640 324 1664 aut
337 1644 380 1675 pr.
394 1633 470 1664 mori
484 1634 548 1664 coll.
563 1633 637 1664 Sar.
652 1634 686 1663 it.
700 1633 773 1663 Zur.
815 1639 866 1662 aut
883 1642 928 1710 137.
945 1629 1148 1703 emori-tw.
1170 1629 1269 1714 αὲἰφέο
1295 1675 1319 1704 tl

953 1683 1043 1714 quael'l
1143 1695 1151 1703 .
1165 1683 1186 1702 a
1207 1695 1215 1703 .
1260 1683 1294 1703 θη
1321 1696 1329 1704 0

707 1723 747 1748 32
771 1717 873 1748 invidis
888 1728 962 1757 com.
976 1715 1063 1747 oms.

251 1677 293 1707 αλ.
377 1680 418 1706 26
440 1684 490 1706 aut
503 1676 614 1707 rabiem
632 1676 701 1706 Ven.
715 1671 804 1706 Glar.

252 1719 315 1750 ten'.
357 1716 504 1753 Quatinus
518 1719 622 1750 Lamb-

208 1803 318 1842 vigm's‚
333 1813 388 1833 nec
399 1803 529 1834 abutitur
538 1814 573 1834 ea
582 1804 746 1834 occasione.
781 1801 842 1833 Sed
856 1804 947 1834 etiam

208 1845 280 1876 illud
294 1853 454 1887 promtum,
469 1851 526 1877 tem
547 1851 609 1878 erat
632 1847 652 1877 i.
672 1846 773 1888 parcit.
794 1846 834 1877 G.
876 1844 947 1877 Pos-

210 1888 299 1918 terior
312 1889 385 1919 ratio
399 1889 504 1931 placet.
522 1855 562 1920 Ξ.

253 1937 296 1962 20
316 1931 398 1962 Fidit
424 1932 577 1964 adultero.-
613 1929 651 1961 In
676 1930 824 1968 Ablativo
841 1930 949 1962 dicitur

211 1973 360 2004 adultero.-
383 1975 466 2014 quasi
487 1974 608 2012 diceret,
621 1974 660 2004 ob
675 1975 801 2005 adulteri
823 1972 948 2005 formam

210 2013 345 2046 fiduciam
359 2016 416 2047 sibi
425 2018 528 2054 sumit,
542 2027 637 2058 neque
649 2016 803 2047 erubescit.
824 2015 863 2047 B.

253 2063 292 2088 23
316 2056 446 2089 Servatio
454 2067 555 2090 sancta
568 2066 749 2091 et¹constans
758 2059 948 2098 matrimonii,

210 2109 277 2140 quae
290 2099 426 2131 abhorret
439 2101 526 2132 alieni
541 2102 593 2132 viri
604 2101 855 2132 consuetudinem.
876 2100 914 2131 Z.

252 2148 294 2172 24
315 2141 453 2185 Corrupit
466 2143 690 2186 intelligentiam
704 2143 792 2183 hujus
805 2144 863 2174 loci
873 2155 948 2185 prae-

209 2184 315 2225 positio
342 2195 357 2215 e
381 2186 413 2215 in
437 2186 525 2215 verbo
553 2187 643 2216 emm-i
669 2193 791 2227 accepta
818 2196 870 2227 pro
895 2191 946 2216 est.

211 2225 277 2256 Dos
299 2231 341 2256 est
363 2229 660 2266 vam—castitas,
681 2235 712 2257 et
732 2228 811 2268 quod
828 2237 947 2269 peccare

208 2275 310 2298 contra
334 2268 429 2311 legem
450 2270 627 2300 matrimonii
650 2269 735 2309 nefas
759 2276 874 2310 putant,
894 2275 948 2301 aut

207 2311 232 2340 si
246 2311 371 2349 omnino¹
379 2311 425 2341 vel
436 2312 532 2342 invitis
545 2311 683 2342 acciderit
694 2322 826 2352 peccare,
842 2319 876 2342 ut
885 2311 947 2342 Lu-

209 2354 318 2390 crestae,
338 2355 469 2395 pretium
490 2353 566 2384 illius
590 2354 774 2384 involuntarii
794 2355 946 2395 coactique

247 2396 323 2426 ccati
336 2396 502 2426 existimant
515 2397 606 2427 emori
620 2403 650 2426 et
670 2397 745 2437 ipsas
760 2403 790 2427 et
803 2403 944 2427 auctores.

207 2405 294 2472 lguin
309 2439 424 2479 peccati
443 2438 510 2469 talis
531 2439 620 2469 etiam
641 2439 788 2476 intentati,
813 2438 944 2469 nondum

206 2480 316 2522 peracti
372 2482 462 2512 etium
475 2488 580 2522 putant
594 2482 695 2518 emori,
709 2488 744 2511 ut
757 2482 788 2511 in
803 2480 898 2520 Icilia,
912 2482 944 2512 in

203 2522 326 2563 *tribuno
378 2524 487 2554 ariano.
506 2523 547 2554 G.

250 2563 332 2596 Mire
353 2567 485 2608 pretium
509 2565 545 2596 de
566 2564 684 2596 moecha
703 2566 812 2608 posuit,
827 2577 894 2608 quoe
908 2566 946 2597 ab

208 2608 386 2639 amatoribus
435 2609 526 2639 etium
539 2608 652 2639 solebat
664 2610 789 2651 exigere.

250 2657 290 2682 25
313 2649 394 2692 Frigi
414 2650 560 2682 iusculum
572 2651 686 2682 videtur
709 2651 795 2682 nobis
816 2649 947 2682 Bentleii

210 2692 261 2725 O!
281 2693 359 2734 quis,
373 2694 440 2734 quis
453 2693 578 2731 divisim,
594 2703 647 2735 pro
661 2693 711 2725 O!
731 2695 872 2734 quisquis.
907 2693 945 2724 In

208 2745 241 2766 re
252 2732 331 2777 gravi
345 2742 433 2776 atque
447 2737 521 2767 seria
535 2736 687 2767 exclamari
701 2737 775 2767 solet
791 2736 829 2768 Ο.
960 2773 962 2775 ‚

251 2782 293 2808 25
318 2777 463 2817 Civicmn,
476 2785 589 2809 vetuste
603 2789 656 2821 pro
668 2780 790 2810 civilem.
812 2777 850 2810 Β.
892 2777 944 2809 In·

210 2819 381 2861 telliguntur
393 2821 472 2851 bella
486 2821 590 2853 civilia.
611 2821 650 2852 Z.

202 2867 206 2869 ’
251 2866 289 2897 27
313 2861 440 2894 Pulchre
462 2864 592 2901 urbium,
616 2863 778 2894 dissimulat
802 2864 881 2894 enim
910 2874 941 2893 se

209 2905 241 2934 in
271 2905 370 2934 mimo
395 2904 532 2937 habuisse
559 2906 730 2949 Augustum
757 2905 863 2937 Patriae
887 2904 942 2935 Pa-

208 2955 292 2976 trem.

253 2993 295 3019 30
319 2988 427 3021 Clarus
455 2975 653 3033 postgmdtis5
687 2991 849 3035 signifioere
883 2989 945 3020 vult

1270 1634 1283 1660 t
1295 1639 1344 1673 ap.
1359 1631 1458 1662 Bentl.
1473 1639 1523 1662 aut
1537 1642 1581 1674 pr.
1596 1642 1641 1665 est
1654 1638 1730 1668 mori

1414 1679 1457 1706 80
1471 1673 1561 1706 Canis
1576 1678 1635 1708 cod.
1649 1678 1730 1710 Can-

988 1800 1158 1843 Augustum
1171 1800 1211 1831 ob
1225 1800 1323 1844 legem
1335 1800 1449 1833 Julian:
1470 1802 1507 1833 de
1525 1803 1673 1836 adulteriis
1687 1805 1731 1837 la-

988 1843 1104 1874 borasse
1116 1843 1307 1885 plurimorum
1322 1844 1437 1875 invidia.

1031 1886 1182 1917 Guarinus
1209 1897 1278 1917 cum
1310 1886 1379 1917 Vet.
1401 1886 1503 1919 Schol.
1546 1887 1669 1931 Cruquii
1697 1891 1728 1921 et

989 1926 1173 1959 Mancinello
1194 1940 1247 1970 pro
1267 1935 1411 1971 quatmus
1431 1931 1632 1972 reponendum
1648 1932 1728 1965 duxi.

990 1971 1140 2003 Quatinus
1157 1970 1331 2012 conjunctio
1354 1977 1408 2003 est·
1420 1978 1538 2004 tantum
1548 1986 1562 2012 ,·
1584 1981 1727 2015 quatenus

989 2019 1087 2045 autem
1115 2014 1295 2046 Adverbium
1323 2017 1459 2057 temporis
1494 2021 1522 2047 et
1556 2018 1621 2048 coci.
1657 2017 1727 2049 Vct.

990 2055 1092 2087 Schol.
1133 2055 1287 2088 Bentleius
1306 2065 1406 2088 tamen
1427 2057 1503 2089 male
1526 2058 1615 2090 edidit
1628 2066 1728 2101 quate-

988 2110 1055 2130 nus.
1077 2098 1115 2130 B.
1156 2098 1255 2140 Hujus
1279 2101 1394 2142 peccati
1417 2101 1478 2143 ipse
1502 2112 1619 2142 quoque
1643 2113 1725 2133 reum

988 2152 1037 2171 me
1052 2141 1156 2178 fateor,
1170 2152 1239 2172 eum
1250 2142 1394 2184 plerisque
1403 2154 1509 2185 nempe
1520 2143 1609 2175 libris.
1630 2144 1726 2175 Causa

988 2183 1066 2214 dicta
1080 2184 1111 2214 in
1128 2183 1290 2215 Thesauro.
1310 2185 1351 2215 G.
1393 2185 1556 2223 Quatenus,
1571 2186 1724 2227 siquidem.

1030 2231 1069 2256 31
1096 2226 1240 2257 erutem
1264 2228 1369 2257 maluit
1389 2229 1538 2258 nominare
1558 2239 1647 2268 quam
1662 2229 1726 2259 Au-

987 2276 1116 2309 gustum.
1136 2267 1175 2299 B.
1218 2269 1408 2306 Incolumem,
1433 2269 1504 2300 dum
1529 2271 1598 2311 vivit
1616 2272 1659 2302 vir
1673 2271 1726 2302 bo—

988 2318 1232 2383 nugheiie‘ffioe'et
1258 2350 1440 2388 theticm.
1495 2353 1652 2385 Sublatam
1687 2366 1725 2387 a·

985 2396 1078 2425 oculis
1088 2395 1198 2436 posuit,
1209 2394 1390 2435 subjecturus
1400 2395 1571 2437 qua-rimus.
1592 2395 1631 2428 B.
1652 2395 1685 2429 h.
1696 2409 1722 2429 e.

985 2436 1190 2468 desideramus.

1028 2480 1127 2510 Invidi
1134 2492 1147 2517 ‚·
1180 2479 1250 2510 Vere
1274 2479 1352 2510 enim
1371 2488 1427 2522 per
1447 2481 1592 2511 invidiam
1608 2482 1671 2523 fit„
1688 2487 1724 2513 ut

989 2523 1055 2552 Ixmz'
1068 2523 1127 2552 viri
1144 2532 1210 2552 cum
1223 2522 1326 2552 amissi
1337 2523 1398 2553 sine
1410 2523 1613 2555 desidermtur.
1653 2522 1723 2564 Vlet.

989 2562 1090 2594 Schol.
1105 2563 1136 2594 h.
1150 2575 1177 2594 e.
1192 2575 1228 2594 ex
1240 2574 1373 2606 perverso
1385 2571 1417 2595 et
1429 2564 1560 2607 maligno
1573 2566 1701 2608 ingenio.

1030 2612 1070 2637 33
1095 2607 1176 2637 Quid
1209 2607 1304 2638 cristes
1413 2608 1418 2613 ’
1493 2608 1498 2614 ’
1533 2607 1551 2638 Ρ
1576 2615 1722 2640 'excusare

987 2648 1099 2679 videtur
1122 2649 1195 2691 legis
1207 2647 1299 2679 Juliae
1320 2650 1511 2692 atrocitatem.
1532 2646 1574 2681 B.
1612 2649 1723 2683 Sensus

986 2700 1052 2722 est:
1075 2690 1205 2727 Querela
1228 2691 1265 2722 de
1288 2693 1429 2733 corruptis
1451 2692 1581 2723 moribus
1595 2693 1637 2724 nil
1654 2704 1723 2736 pro-

986 2734 1062 2771 dest,
1077 2735 1133 2764 nisi
1146 2733 1254 2765 scelera
1267 2734 1372 2764 severis
1387 2734 1501 2777 legibus
1510 2735 1717 2777 reprimantur:

985 2788 1040 2808 nec
1055 2778 1126 2818 ipsae
1140 2776 1219 2819 leges
1231 2778 1290 2807 vim
1303 2776 1425 2815 habent,
1439 2778 1495 2808 nisi
1514 2788 1609 2808 mores
1632 2779 1722 2809 coni-

1022 2827 1090 2850 ntur
1103 2827 1134 2850 et
1147 2819 1298 2861 disciplina
1315 2819 1434 2862 publiea
1447 2827 1478 2850 et
1490 2821 1601 2863 privata
1618 2831 1721 2852 emen-

1003 2870 1076 2893 etur.
1468 2891 1472 2895 .
1710 2872 1714 2875 “

991 2907 996 2913 ’
1025 2910 1066 2935 34
1089 2903 1208 2935 Usitato
1227 2903 1443 2937 Chuientismo
1461 2903 1636 2938 adulterium
1659 2907 1721 2938 cul·

981 2957 1054 2990 pam
1068 2955 1162 2978 vocat.
