1950 3626
531 319 576 362 J.
617 319 682 364 M.
727 316 1025 362 GESNERI
1066 317 1430 362 PRAEFATIO.
1689 317 1745 360 vii

277 446 466 496 Horum
491 445 530 495 si
551 445 692 495 hodie
716 445 897 496 sinceri·
912 455 1157 496 exstarent
1180 444 1521 505 commentarii,
1547 445 1608 493 ad
1632 461 1744 494 eum

208 531 415 590 modum,
442 539 496 579 ut
522 530 720 580 Asconii
745 529 942 580 Pediani
965 532 1188 596 quaedam
1213 529 1458 581 Ciceronis
1478 529 1747 578 orationum

203 617 628 680 interpretamenta
644 615 892 676 habemus,
915 615 1032 664 mire
1050 616 1161 665 inde
1181 615 1486 682 adjuvaretur
1499 614 1748 679 jucundis·

205 699 314 749 simi
338 709 492 764 poetae
523 699 847 767 intelligentia.
921 701 1016 750 Sed
1036 701 1304 750 dolendum*
1322 709 1409 760 est,
1435 699 1503 748 ita
1532 706 1748 763 aposte-

204 784 407 834 rioribus
432 785 641 849 priorum
675 784 863 834 labores
893 801 999 834 esse
1030 793 1294 850 corruptos,
1322 791 1580 843 truncatos,
1606 782 1749 831 inter-

205 869 407 933 polatos,
442 868 514 918 uti
544 886 682 918 nunc⁴
701 886 822 933 opus
855 869 917 919 sit
952 869 1143 919 homine
1180 869 1365 919 subacti
1402 869 1554 918 multo
1576 883 1667 916 usu
1701 877 1753 916 et

204 955 348 1022 longa
375 954 716 1003 consuetudine
747 954 929 1019 judicii,
970 954 1053 1018 qui
1083 954 1254 1004 veteris
1285 970 1509 1019 purpurae
1539 950 1748 1011 laciniaS,

205 1038 444 1087 interdum
469 1038 545 1087 vix
572 1038 828 1099 filamenta,
855 1055 1021 1088 eruere
1044 1056 1103 1088 ex
1126 1038 1228 1088 istis
1249 1037 1545 1097 centonibus,
1570 1045 1620 1085 et
1640 1035 1752 1084 inde

207 1122 366 1172 lucem
390 1139 527 1171 suam
545 1123 660 1172 dare
677 1122 883 1173 Horatio
901 1125 1062 1189 possit.
1134 1124 1183 1173 Si
1202 1123 1308 1188 quis
1322 1122 1429 1172 talis
1452 1121 1754 1171 nanciscatur

208 1206 353 1254 etiam
379 1205 1190 1271 antiquissimorum‘exemplarium
1221 1209 1424 1272 copiam,
1452 1216 1501 1256 et
1531 1205 1755 1255 adhibeat

209 1289 402 1338 adeam
427 1304 527 1338 rem
559 1289 832 1353 patientiam
867 1291 981 1340 satis
1011 1293 1218 1357 longam,
1251 1291 1331 1340 ille
1361 1292 1484 1340 forte
1508 1291 1616 1340 hinc
1641 1290 1752 1338 inde

208 1375 363 1423 adhuc
382 1374 507 1421 ultra
530 1373 788 1422 Baxterum
813 1374 987 1422 Flacco
1010 1376 1237 1438 prodesse
1262 1384 1422 1439 queat.

261 1457 478 1521 ‘Nempe
513 1458 573 1505 ad
609 1458 700 1505 hoc
734 1474 860 1506 nunc
892 1458 1176 1506 veniendum
1212 1467 1300 1507 est.
1375 1460 1753 1520 WILLIELMus

209 1541 562 1602 BAxTERUs*‚
591 1541 660 1589 vir
691 1541 874 1601 doctus,
903 1540 1131 1590 Richardi
1154 1541 1324 1590 nobilis
1348 1542 1582 1609 Theologi
1606 1544 1753 1592 fratre

206 1627 401 1695 genituS,
431 1634 628 1690 ὀψιμαθὴς
647 1624 727 1674 ille
747 1626 953 1689 quidem,
977 1627 1061 1676 sed
1083 1626 1195 1675 item
1217 1635 1376 1676 tamen
1393 1637 1755 1692 πολυμαθέστατος,

207 1711 290 1775 qui
313 1710 360 1758 in
385 1707 532 1758 literis
552 1708 828 1773 antiquariis
851 1710 1184 1761 Britannorum
1202 1728 1410 1771 suorum,
1431 1720 1535 1759 tum
1557 1709 1756 1759 Graeco-

208 1812 315 1844 rum
342 1794 784 1859 Romanorumque,
804 1806 854 1845 et
877 1795 1164 1846 institutione
1183 1812 1454 1861 puerorum,
1475 1804 1525 1844 et
1541 1811 1591 1844 re
1608 1793 1755 1855 tenui,

210 1880 471 1939 consenuit,
495 1889 663 1929 auctor
693 1878 932 1929 Glossatii
955 1881 1318 1949 Antiquitatum
1340 1879 1754 1938 Britannicarum,

211 1964 345 2014 dedit
365 1964 572 2014 Londini
600 1980 856 2027 cmmcm,
887 1974 992 2018 8vo.
1045 1966 1107 2022 Q.
1135 1966 1339 2015 Horatii
1361 1964 1521 2014 Flacci
1532 1963 1755 2029 Eclogas,

212 2067 322 2104 cum
348 2050 537 2100 scholiis
551 2052 790 2117 praeoe'pue
813 2052 1114 2119 antiquorum
1136 2050 1585 2108 Grammaticorum,
1613 2047 1760 2098 Hele·

192 2135 282 2183 ‘nii
305 2134 524 2194 Acronis,
554 2135 904 2201 Pomponiique
931 2135 1285 2203 Porphyrionis,
1312 2150 1511 2202 quorum
1536 2132 1758 2199 reliquias

194 2217 349 2284 faedis
372 2220 808 2285 interpolationibus
831 2229 1074 2287 purgatas
1096 2238 1152 2270 ac
1161 2216 1281 2287 fere
1303 2220 1518 2284 integras
1541 2229 1759 2282 reponere

201 2320 263 2353 se
288 2306 501 2367 putabat.
578 2304 766 2353 Utrum*
790 2322 877 2354 suo
910 2305 1054 2354 solius
1078 2304 1265 2371 ingenio
1289 2312 1338 2352 et
1357 2302 1539 2367 judicio
1570 2302 1615 2349 in
1646 2317 1756 2355 cen-

209 2405 323 2437 sura
344 2389 426 2437 illa
455 2388 739 2451 delectuque
763 2398 977 2437 versatus
1010 2389 1083 2448 sit,
1121 2406 1181 2436 an
1207 2385 1466 2451 adjumenti
1494 2385 1755 2448 quidquam

209 2489 268 2522 ex
300 2471 508 2536 antiquis
541 2471 668 2520 libris
699 2471 929 2530 habuerit,
963 2489 1213 2535 nusquam,
1255 2481 1383 2534 puto,
1425 2470 1633 2518 indicat:
1671 2470 1755 2518 sed

209 2558 327 2607 dum
359 2557 419 2606 de
451 2555 683 2621 praesidiis
714 2556 919 2604 externis
951 2564 1090 2616 tacet,
1119 2556 1308 2615 fatetur,
1342 2555 1500 2612 credo,
1539 2555 1671 2603 nulla
1704 2571 1756 2603 se

208 2640 445 2690 habuisse.

280 2723 507 2774 Ceterum
547 2724 660 2772 mihi
699 2742 794 2774 non
823 2734 895 2774 est
931 2724 1143 2784 dubium,
1178 2723 1291 2788 quin
1324 2724 1604 2788 plerumque
1627 2731 1754 2772 certe

265 2894 291 2918 ἵ·
321 2893 403 2940 Qui
424 2894 472 2933 de
491 2894 563 2933 viri
584 2894 664 2932 vita
687 2901 725 2933 et
744 2893 851 2933 libris
869 2894 983 2933 editis
1001 2893 1231 2945 ineditisque
1250 2893 1382 2934 doceri
1398 2893 1546 2941 volunt,
1559 2893 1666 2931 adire
1686 2893 1752 2931 de·

213 2965 305 3003 bent
319 2965 564 3018 Biographiae
584 2965 817 3004 Britannicae
838 2976 985 3005 tomum
1003 2966 1186 3017 primum.
