1950 3626
243 362 324 401 xlvi
699 364 910 405 METRA
952 366 1323 407 HORATIANA.

1589 409 1615 424 Ὃ

230 469 345 528 jacit.
408 471 569 516 Locum
595 475 760 519 sortitur
784 477 893 534 apud
920 477 1067 520 Horat.
1087 479 1151 520 vel
1183 485 1279 519 ante
1310 466 1472 532 singula
1502 474 1783 531 Asclepiaden,

235 547 301 589 vel
328 547 535 603 poetbina
561 563 658 592 cum
681 550 959 604 Pherecratio,
977 553 1050 594 vel
1062 551 1240 609 denique
1266 559 1356 608 post
1374 558 1502 593 terna.
1562 550 1784 605 Hemiepos

234 619 397 664 dicitur.
455 622 767 668 Animadvertas
806 626 905 669 licet
946 626 1188 683 Glyconium
1223 626 1489 669 Pherecratio
1521 625 1789 681 praemissum

235 694 429 751 ooefioere
448 697 701 755 Priapeium,
721 701 929 757 quomodo
947 700 1147 753 CatulluS‚

538 846 632 879 Hunc
645 847 747 880 lucum
757 848 812 880 tibi
827 848 933 881 dedico
944 860 1156 892 macieque,
1166 847 1282 892 Priape.

537 906 597 941 Cui
608 919 669 941 non
681 908 778 941 dictu·
791 908 885 952 Hylas
895 920 971 953 puer
984 917 1016 942 et
1028 909 1156 942 huonis
1165 908 1284 942 Delo-2
1329 907 1427 941 Vino.

295 1046 334 1083 5.
372 1039 671 1085 Tetrametrum
688 1042 967 1099 Dactylicum.
1026 1042 1073 1086 Si
1093 1041 1242 1085 desinit
1269 1040 1314 1083 in
1333 1039 1574 1097 Spondeum
1593 1038 1782 1083 Archilo-

235 1113 369 1156 chium
383 1132 398 1163 ,·
432 1115 495 1157 sin
516 1115 560 1159 in
579 1115 818 1174 Dactylum,
837 1117 1109 1159 Alcmanium.
1157 1114 1402 1158 Hexametri
1424 1112 1570 1167 Κάμμα
1587 1111 1778 1168 ἀρκτικὸν.

234 1202 286 1229 ex
304 1195 418 1245 parte
433 1189 638 1246 superiore
660 1204 809 1233 versus.
830 1190 986 1246 δίμοιρον
1006 1189 1109 1235 gam.
1170 1189 1246 1232 Pes
1265 1188 1522 1233 Hexametri.
1583 1189 1782 1232 Bucolica

236 1269 353 1317 tome,
381 1263 425 1305 in
455 1264 760 1306 Tetrametrum
799 1262 1066 1306 Alcmanium
1105 1262 1310 1305 Pastorale
1342 1276 1510 1304 carmen
1540 1263 1777 1317 Tbeocrito,

234 1351 360 1395 quam
379 1337 567 1394 Virgilio,
591 1337 842 1395 frequentius
854 1337 1045 1380 caeditur.
1104 1336 1366 1394 postponitur
1384 1336 1653 1381 Hexmnetro.
1666 1337 1720 1381 L.
1745 1345 1780 1381 1.

234 1413 317 1456 od.
338 1419 378 1455 7.
399 1417 470 1456 2³.
499 1397 635 1470 Epod.
663 1420 726 1456 12.

291 1494 330 1530 6.
364 1487 611 1536 Heroicum;
657 1488 787 1543 Epos.
817 1486 869 1530 L.
892 1495 927 1530 1.
956 1486 1008 1529 0.
1033 1493 1073 1530 7.
1095 1492 1165 1529 28.

232 1561 501 1604 Proemittitur
512 1562 771 1605 Teu-ametro
789 1561 975 1604 Heroico
993 1561 1216 1618 Epod.12.
1279 1557 1603 1603 Penthemimeri
1622 1557 1780 1616 Dacty-

230 1636 326 1680 lico.
385 1636 438 1680 L.
458 1644 498 1680 4.
528 1637 582 1680 O.
602 1643 643 1681 7.
705 1635 892 1679 Iambico
917 1635 1122 1678 Dimetro.
1181 1634 1317 1691 Epod.
1353 1641 1415 1677 14.
1451 1639 1515 1676 15.
1572 1632 1781 1677 Trimetm

229 1726 347 1768 puro.
367 1710 500 1771 Epod.
531 1717 595 1756 16.
654 1710 885 1754 Horatiano
904 1725 974 1753 seu
994 1709 1262 1753 Archilochio
1274 1708 1502 1765 composito
1521 1722 1572 1749 ex
1589 1706 1778 1750 lambico

229 1784 424 1829 Dimetro
443 1792 485 1828 et
502 1785 827 1829 Penthemimeri
845 1784 1077 1843 Dactylico.
1134 1784 1270 1842 Epod.
1297 1788 1360 1826 13.

290 1867 332 1904 7.
367 1860 642 1903 Trochaicum
659 1862 724 1902 vel
744 1859 968 1903 Choricum
990 1859 1225 1902 Dimetrum
1248 1858 1551 1901 Catalecticum.
1590 1857 1777 1909 Ληκῦθιον

228 1934 506 1993 Euripidium.
569 1934 910 1991 Cmnplementum
958 1934 1296 1977 Penthemimeris
1344 1934 1473 1976 Iamb.
1516 1933 1574 1975 ad
1620 1931 1777 1974 'Il-ime-

230 2015 351 2054 trum.
409 2009 665 2067 Praeponitur
701 2007 887 2052 Iambico
919 2009 1127 2052 Trimetro
1158 2008 1422 2051 catalectico.
1479 2007 1618 2050 Cas-m.
1649 2006 1701 2050 L.
1737 2014 1777 2049 2.

227 2084 282 2127 Ο.
309 2091 371 2129 18.

288 2164 327 2202 8.
349 2158 586 2202 Dimetnma
606 2158 843 2203 lambit-um.
893 2157 1130 2200 Succinitur
1146 2156 1386 2209 Trimetris3
1409 2156 1520 2199 unde
1538 2156 1677 2213 Epodi
1697 2171 1772 2199 no-

227 2247 327 2276 men
347 2233 547 2291 inprimis
576 2230 711 2291 Epod.
731 2248 766 2277 a.
796 2241 831 2276 1.
849 2233 902 2276 ad
928 2239 990 2276 10.
1011 2232 1121 2275 idem
1141 2230 1420 2275 Hexametris.
1450 2230 1582 2287 Epod.
1614 2237 1676 2274 14.
1708 2237 1773 2274 15.

224 2306 338 2351 Nota
356 2307 593 2351 Dimetrum
618 2308 883 2351 Trochaicum
906 2307 1196 2351 catalecticum
1215 2306 1248 2348 si
1269 2313 1487 2348 connectas
1507 2319 1604 2347 cum
1625 2304 1775 2348 Dime-
1855 2334 1860 2338 ν

227 2387 290 2424 tro
322 2381 503 2426 Iambioo
534 2382 784 2436 Acatalecto,
818 2381 985 2425 exhibet
1019 2380 1283 2437 Septenarius
1319 2379 1579 2433 'nachan-us,
1611 2379 1682 2438 qui
1712 2388 1774 2422 est

226 2467 361 2499 versus
384 2456 557 2500 Cornicis
575 2471 772 2514 perquam
790 2456 1012 2499 familiaris.

284 2540 324 2575 9.
352 2531 576 2575 Alcaicum.
637 2531 865 2574 lambit-um
885 2528 1121 2573 Dimetrum
1140 2528 1542 2586 Hypercatalecmm.
1593 2526 1772 2570 ‘Ennea-

223 2606 423 2662 syllabum
457 2605 500 2649 in
531 2606 703 2649 Alcaico
735 2605 918 2648 carmine
948 2605 1094 2648 tricolo
1131 2602 1401 2658 tetrastropho
1431 2600 1595 2643 tertiam
1627 2601 1769 2643 sedem

222 2694 383 2736 semper
401 2680 572 2729 obtinet.
1221 2713 1229 2721 .

289 2761 352 2797 10.
383 2755 609 2798 Iambicum
630 2755 855 2798 trimetrum
867 2752 1147 2796 catalecticum
1161 2750 1562 2806 Hendecasyllabum
1577 2748 1640 2791 bis
1658 2749 1768 2805 apud

223 2827 445 2888 Horatium
466 2830 674 2887 reperitur.
706 2815 714 2818 „
734 2829 787 2872 L.
816 2836 849 2871 1.
878 2828 930 2871 Ο.
956 2835 995 2871 4.
1055 2825 1295 2882 Subjectum
1318 2824 1446 2867 versui
1468 2823 1696 2880 composito
1715 2837 1767 2864 ex

222 2900 425 2945 Bucolico
442 2913 482 2945 et
510 2903 807 2962 Ithyphauico:
867 2903 919 2946 L.
942 2911 978 2947 2.
1011 2902 1065 2946 Ο.
1095 2907 1158 2945 18.
1216 2899 1448 2943 Trochaico
1465 2898 1660 2942 Dimetm
1679 2897 1761 2941 Ca·

221 2978 412 3019 talectico
431 2979 580 3035 pariter
598 2976 840 3036 subjectum.

287 3058 348 3103 11.
382 3052 679 3095 Archilochium
710 3053 936 3095 Iambicum
973 3051 1219 3094 'I'rimetrum
1248 3048 1542 3091 Acatalectnm.
1601 3046 1769 3089 Iambus
