1950 3626
608 290 679 333 m
718 288 1103 333 VARIETATE
1137 287 1513 332 LECTIONIS.
1699 299 1783 328 m

284 431 452 481 garem
465 435 486 475 ;
518 433 659 483 quam
666 417 848 484 quidem
863 415 1377 483 castigationem—non
1388 409 1781 478 potui-Sabaria

291 508 373 549 tuo
395 492 1105 568 Cremonensi—denegare—et
1140 500 1252 566 quia
1286 498 1373 547 tibi
1403 498 1458 546 ob
1490 496 1592 560 ejus
1620 497 1779 560 paden-

288 584 406 633 tiam
419 585 771 653 singularesque
780 586 989 635 virtutes
1009 601 1151 647 carus
1167 593 1237 633 est
1252 579 1779 655 contubernalis-{We

288 668 454 717 sertim
481 686 597 719 acm
617 686 814 720 vererer
842 687 899 719 ne
925 671 968 719 si
997 671 1048 718 id
1064 670 1259 735 penitus
1288 669 1616 717 detrectassem
1630 683 1646 713 .·
1671 665 1777 730 jari-

287 769 415 801 mum
435 754 491 802 de
520 754 766 819 majestate
797 754 1042 805 Oratiana
1072 738 1202 803 nobis
1229 754 1479 802 tolleretur
1494 769 1510 799 .·
1543 748 1600 798 o'b
1633 757 1776 800 tetra-

287 836 415 902 rium
435 846 483 887 et
502 839 650 888 veluti
672 840 954 906 sacrilegum
979 839 1221 904 cujusdam
1233 846 1481 887 conatum.-
1514 835 1595 903 qui
1611 836 1775 886 rectis-

286 923 429 972 simas
451 924 501 972 in
523 923 743 973 Flaccum
768 924 1180 990 interpretationes
1204 922 1350 971 edidit
1364 941 1381 970 .·
1437 920 1671 986 (ChristO.
1686 939 1773 971 nn-

286 1007 451 1058 dinum
481 1009 651 1076 tangit)
675 1010 729 1058 de
757 1009 924 1076 quibus
950 1008 1191 1058 verissime
1224 1006 1315 1056 dici
1344 1014 1502 1072 potest
1538 1006 1590 1055 id
1622 1021 1699 1072 qu«
1720 1007 1774 1056 de

288 1092 482 1158 Rupilio
521 1110 634 1159 rege
664 1103 824 1143 noster
855 1093 1008 1161 inquit
1041 1093 1249 1144 Oratius
1285 1091 1395 1141 Pus
1427 1099 1572 1158 atque
1606 1088 1770 1141 'venum

289 1186 390 1226 tam
421 1195 638 1227 sensuum
674 1195 813 1245 quam
841 1178 1093 1227 verborum
1122 1178 1265 1242 hujus
1296 1175 1643 1226 eminentissimi
1671 1175 1740 1232 vis
1753 1196 1770 1225 .-

289 1263 341 1311 id
380 1264 504 1331 quod
545 1263 636 1311 nisi
675 1262 1025 1329 Porphyrionis
1068 1262 1294 1311 antidotis
1329 1272 1593 1326 repressum
1611 1257 1737 1327 fuit
1751 1281 1769 1311 .-

291 1341 421 1396 brevi
455 1356 583 1396 totus
611 1347 922 1397 contabuisset
951 1347 1170 1398 Oratius.
1257 1346 1447 1403 Quodni
1482 1345 1704 1395 dubitare
1721 1354 1769 1395 te

288 1432 505 1480 maximis
523 1432 654 1481 curis
675 1432 946 1480 districtum
972 1432 1174 1496 longiori
1195 1431 1388 1496 epistola
1412 1431 1646 1480 remorari
1660 1450 1676 1479 .·
1699 1447 1767 1502 m-

286 1532 587 1564 memorarem
606 1516 681 1565 hic
704 1517 854 1564 multa
876 1516 924 1563 in
942 1515 1109 1583 quibus
1130 1516 1352 1581 egregius
1374 1515 1450 1564 ille
1467 1514 1767 1564 enarratobo-

286 1600 555 1650 nestissimis
575 1600 851 1649 dictionibus
864 1609 1052 1665 poetam
1075 1596 1488 1666 huncjraudando
1496 1599 1688 1664 penitus
1696 1615 1765 1648 sa-

285 1685 423 1734 nivit.
498 1685 670 1752 Itaque
701 1686 782 1734 hos
808 1685 951 1734 libros
972 1684 1302 1734 studiosissime
1324 1693 1556 1751 quantum
1582 1682 1668 1732 sub
1694 1683 1764 1732 ico

284 1770 537 1834 evemplari
551 1789 566 1818 .·
600 1787 737 1837 eoque
760 1779 1016 1835 temporum
1040 1769 1220 1834 injuria
1238 1786 1369 1819 eaeeso
1382 1788 1397 1817 .·
1433 1767 1764 1834 librariorwue

283 1854 468 1903 incuria
509 1840 843 1904 mendosissim'o
892 1856 1253 1922 recognovimus.
1329 1853 1551 1903 Ceterum
1594 1852 1764 1918 impfsis

284 1938 419 1988 libris
441 1948 488 1988 et
513 1940 826 2006 recognitione
837 1939 951 2003 jctm
965 1939 1211 2005 publicata
1241 1940 1414 2005 (Estne
1438 1940 1557 1998 haec,
1592 1956 1687 2002 qua
1700 1938 1756 1987 Β.

285 2023 528 2073 Fabricius
560 2025 629 2073 ita
660 2033 907 2083 memorat,
939 2035 1031 2089 per
1055 2025 1199 2073 Anto.
1242 2025 1474 2073 Zarotum
1498 2024 1755 2083 Parmam,

283 2107 497 2173 impensis
527 2108 793 2174 Augustini
827 2108 1014 2157 Marioe
1042 2107 1238 2175 Conagi,
1279 2108 1479 2158 Mediol.
1527 2118 1648 2162 1485
1684 2107 1758 2171 2?)

284 2192 410 2241 venit
444 2194 510 2242 ad
552 2209 715 2242 manus
751 2210 874 2242 meas
910 2193 1186 2259 Porphyrio
1218 2194 1406 2261 quidam
1442 2192 1727 2260 antiquissus
1741 2212 1757 2241 .-

284 2276 419 2340 cujus
441 2287 519 2341 ope
532 2296 548 2324 .·
573 2278 798 2343 pleraque
817 2278 865 2325 in
884 2278 1051 2344 quibus
1073 2278 1383 2343 intelligendis
1399 2295 1481 2327 nec
1479 2276 1756 2344 frequeiiec·

287 2361 381 2409 tio:
416 2377 497 2409 nec
519 2361 747 2425 pertinax
768 2346 974 2410 studium
1001 2363 1077 2410 vel
1096 2363 1335 2411 minimum
1357 2360 1595 2427 confi‘rret
1611 2381 1626 2409 .·
1661 2357 1755 2410 rius

282 2445 463 2510 corrigi
484 2445 803 2512 castigarique
823 2454 1026 2509 possent.
1101 2445 1265 2502 Quare
1289 2455 1343 2495 ut
1374 2445 1755 2494 amantissiminei

272 2529 459 2594 plenius
481 2529 753 2596 obsequerer
766 2549 781 2578 .·
816 2529 897 2577 hos
920 2529 1062 2578 libros
1087 2530 1195 2578 meis
1213 2523 1444 2580 sumtibus
1464 2531 1637 2579 iterum
1660 2528 1753 2600 ἡνί-

282 2615 464 2664 mendos
480 2614 648 2663 curavi
661 2633 676 2662 .·
710 2614 991 2681 atque—ita
1005 2614 1284 2679 expositores
1300 2615 1355 2663 in·
1362 2624 1515 2680 poetae
1527 2602 1753 2680 margbus

281 2699 497 2748 collocavi
514 2718 533 2758 ;
568 2708 623 2747 ut
636 2696 792 2764 facile
820 2700 1014 2765 cognitu
1042 2700 1105 2749 sit
1135 2700 1376 2750 omnibus:
1412 2700 1526 2768 quid
1550 2684 1755 2749 Acrdcid

280 2784 495 2832 eruditus
519 2783 794 2848 Porphyrio
816 2796 957 2849 super
978 2787 1127 2836 eodem
1150 2788 1371 2836 sentiant.
1447 2787 1506 2835 In
1538 2785 1631 2835 fine
1661 2797 1749 2835 mo

281 2867 458 2932 aliquid
474 2867 577 2916 bilis
595 2867 644 2916 in
667 2868 934 2917 Landinum
949 2879 997 2919 et
1013 2871 1134 2920 forte
1154 2872 1395 2939 Angelum
1414 2871 1745 2921 Politianunst:

224 3005 228 3009 ¹
282 2951 346 3000 In
368 2969 460 3019 qua
480 2952 659 3019 quidem
682 2953 994 3019 recognitione
1018 2972 1107 3005 non
1131 2956 1314 3022 irficior
1340 2958 1490 3006 multa
1519 2965 1574 3006 ut
1598 2957 1647 3005 in
1666 2970 1749 3004 tm-
