1924 3458
638 318 1031 366 'SERMONUM
1060 318 1163 362 Lm.
1194 319 1226 361 I.
1259 327 1299 362 2.

1655 321 1734 360 :301

392 436 536 478 Villius
554 435 598 477 in
616 434 764 477 Fausta
782 434 909 476 Sullae
926 447 1064 490 gener,
1095 433 1176 475 hoc
1195 432 1317 474 miser
1334 447 1418 474 uno

280 517 334 554 65

391 508 571 553 Nomine
589 508 795 564 deceptus,
825 521 968 563 poenas
987 505 1099 548 dedit
1112 520 1239 562 usque
1256 518 1455 561 superque

392 578 529 628 Quam
549 581 642 623 satis
661 588 742 635 est;
770 580 918 637 pugnis
937 594 1077 633 caesuS,
1109 580 1293 635 ferroque
1311 578 1487 635 petitus3

389 655 591 698 Exclusus
610 655 708 708 fore,
741 668 838 696 cum
857 653 1122 709 Longarenus
1141 653 1245 695 foret
1263 652 1383 696 intus.

392 728 508 770 Huic
526 728 560 770 si
580 727 759 771 mutonis
777 727 909 769 verbis
928 729 1037 769 mala
1054 733 1167 768 tanta
1183 726 1358 773 videntis

388 801 558 844 Diceret
574 802 666 844 haec
685 801 871 855 animus;
902 801 1016 847 Quid
1032 800 1091 842 vis
1108 799 1210 842 tibi?
1242 799 1443 856 numquid
1462 812 1539 854 ego
1553 813 1578 840 a
1596 805 1636 840 te

279 883 335 923 '10

393 876 552 932 Magno
569 884 812 933 prognatum
831 876 1006 934 deposco
1025 876 1190 917 consule
1209 888 1393 915 cunnum

391 951 663 1006 Velatumque
682 952 797 1003 stola,
829 964 923 991 mea
941 963 1038 990 cum
1057 947 1285 990 conferbuit
1302 947 1388 988 ira?

392 1025 512 1070 Quid·
525 1024 808 1080 responderet?
840 1022 999 1078 Magno
1014 1029 1128 1077 patre
1147 1028 1242 1062 nata
1258 1021 1396 1076 puella
1414 1028 1486 1062 est.

393 1099 450 1140 At
468 1104 620 1154 quanto
639 1097 807 1139 meliora
824 1103 979 1150 monet3
998 1094 1303 1151 pugnantiaque
1321 1093 1420 1147 istis,

392 1171 519 1214 Dives
537 1171 624 1227 opis
643 1178 786 1212 natura
801 1184 897 1223 suae,
929 1169 964 1210 si
978 1176 1023 1210 tu
1042 1169 1165 1210 modo
1183 1175 1292 1209 recte

279 1253 333 1288 75

392 1244 637 1300 Dispensare
654 1244 764 1296 velis,
797 1258 845 1285 ac
864 1258 947 1285 non
966 1242 1157 1298 fugienda
1175 1241 1359 1297 petendis

393 1317 653 1360 immiscere!
682 1317 775 1359 Tuo
790 1316 899 1369 vitio,
932 1330 1119 1358 rerumne
1138 1316 1306 1367 labores,

226 1438 266 1466 68
287 1433 408 1473 videnti,
441 1434 498 1464 uod
511 1434 609 1464 Bentl.
622 1433 752 1471 reduxit,
766 1433 855 1463 etiam
867 1432 908 1462 H.
922 1431 962 1462 G.
983 1431 1058 1462 Sax-
1072 1436 1098 1461 et
1109 1431 1219 1472 prime
1232 1431 1311 1461 editt.

764 1480 807 1512 74
827 1484 861 1505 tu
875 1475 900 1505 si
914 1473 1002 1505 modo
1019 1473 1090 1505 Ven.
1107 1473 1197 1504 θίαν.
1211 1475 1311 1506 Bentl.
1326 1483 1385 1504 non
1392 1474 1479 1503 mak.
1501 1471 1541 1504 Z.

441 1476 502 1507 erb.
525 1477 591 1507 coll.
605 1475 680 1507 Sam.

215 1576 421 1618 pmh'abmztur
435 1579 533 1614 &gam
548 1575 736 1616 accipiebant,
758 1574 874 1604 sublata
887 1574 963 1604 stola

217 1622 339 1660 propter
351 1617 556 1657 ignominiam.
592 1617 676 1647 Nam
685 1620 822 1658 prostare
834 1617 963 1647 solebant

224 1670 293 1691 tum
308 1660 403 1702 pultis
417 1660 502 1700 togis.
523 1657 593 1691 vet.
607 1657 709 1689 Schol.

266 1705 308 1732 64
350 1701 448 1733 Facile
481 1701 622 1732 assentior
668 1700 798 1732 Dacerio
837 1698 962 1731 Villium

222 1743 312 1775 fuisse
332 1744 475 1782 nobilem,
497 1752 528 1775 et
546 1743 754 1786 Longarenum
786 1750 888 1773 contra
918 1743 962 1785 ig-

227 1786 358 1817 nobilem
398 1787 534 1818 uendam.
563 1785 602 1818 B.
636 1786 742 1818 Villius
767 1785 962 1816 familiaritate

222 1827 378 1872 Milonis(
428 1825 487 1871 qua
500 1828 564 1860 Cic.
585 1828 656 1860 fam.
676 1836 707 1860 2.
726 1828 770 1869 6.)
792 1828 900 1859 abusus
919 1829 962 1859 vi·

221 1872 307 1903 detur
319 1872 357 1902 ad
367 1879 500 1914 stuprum
511 1872 676 1903 conandum
686 1873 783 1902 uxoris
795 1871 873 1902 illius
886 1869 965 1902 Fau-

223 1921 290 1953 stae,
310 1913 403 1945 Sullae
420 1915 507 1952 filiae;
529 1925 619 1956 quam
640 1914 830 1956 cupiditatem
856 1914 886 1944 in
913 1913 964 1944 illo

224 1955 283 1987 hoc
297 1957 392 1999 ipsum
406 1957 548 1996 incendit,
569 1956 649 1999 quod
661 1958 703 1988 sic
717 1956 863 1988 dictatoris
873 1966 963 1996 gener

223 1999 440 2040 quodammodo
452 2000 544 2031 fieret.
587 2000 685 2031 Gener
698 2001 788 2030 etiam
810 1999 847 2030 de
868 2000 961 2040 stupri

225 2042 443 2081 conjunctione,
462 2049 498 2072 ut
519 2042 607 2084 vulgo
627 2043 660 2073 in
676 2042 837 2073 Germania
860 2041 964 2084 affines

220 2084 324 2123 jocose
345 2083 458 2115 dicunt.
476 2083 581 2126 Itaque
605 2095 702 2115 carere
730 2085 798 2130 licet
825 2084 964 2115 emenda-

223 2134 306 2199 ῗιῖἳῗ
320 2134 406 2210 ἓῖᾛ
414 2133 472 2199 2¹⁸².
486 2138 536 2210 ¹:21.
543 2125 672 2209 {33¹¹
688 2127 846 2201 ffiffi
859 2125 964 2210 {3¹2¹}

228 2210 321 2241 Sunae
335 2221 389 2253 pro
399 2211 459 2241 filia
472 2210 592 2242 dimna.
623 2211 685 2243 Sed
697 2212 800 2253 quidni
813 2222 966 2242 manemus

229 2254 261 2284 in
275 2254 395 2294 antiqua
416 2254 655 2295 interpretatione
675 2265 743 2295 quse
766 2261 832 2284 tum
852 2253 966 2284 Acroni

228 2305 295 2326 tum
309 2294 470 2337 Porphyrio
483 2296 654 2327 adscribitur
667 2307 686 2326 a
698 2295 851 2327 Fabricio:
876 2297 910 2327 V
905 2297 966 2327 iui-

226 2339 537 2421 ssfsfflef
548 2338 967 2421 &waffa-

228 2434 249 2454 a
253 2424 383 2464 familia
399 2422 509 2465 (servis)
526 2423 693 2464 Longareni
712 2424 823 2454 rediens
844 2433 864 2453 a
885 2434 966 2454 coem

228 2471 299 2499 αηισ
311 2467 387 2496 aedes
396 2476 478 2504 suas,
500 2476 538 2496 ne
550 2467 715 2497 adulter-tam
731 2463 963 2507 (Longarenum)

228 2509 454 2551 deprehendere&
472 2509 585 2550 pugnis
606 2519 699 2540 caesus
712 2513 765 2545 est,
785 2507 903 2548 etfierro

228 2551 311 2583 titus.
333 2548 384 2580 Sic
395 2560 484 2591 gener
508 2552 623 2593 proprie
645 2550 768 2588 dicetur,
791 2557 822 2580 et
844 2517 967 2592 pulcffi

229 2592 408 2624 constabunt
421 2593 533 2631 omnia,
553 2594 610 2624 nisi
624 2593 703 2635 quod
715 2593 816 2630 miror,
836 2603 889 2623 cur
902 2592 967 2623 An-

228 2637 313 2674 nium
323 2645 385 2666 non
397 2646 452 2666 suo
467 2637 586 2667 nomine
601 2635 791 2677 compellarit.
811 2634 863 2665 An
875 2633 968 2665 Faus-

229 2685 259 2709 ta
273 2676 398 2709 Milonis
412 2685 479 2721 post
491 2679 611 2710 exilium
632 2678 720 2720 hujus
738 2678 838 2719 nupsit
851 2676 965 2708 Villio?

230 2730 269 2751 an
281 2721 361 2763 prius
396 2732 463 2751 uam
479 2720 589 2753 Miloni
611 2722 734 2752 nuberet
746 2720 804 2751 fuit
824 2721 854 2751 in
869 2721 970 2750 matri-

229 2764 332 2794 monio
391 2763 469 2794 inii?
494 2764 536 2795 G.
580 2765 712 2795 Villium
740 2774 801 2794 non
831 2763 968 2793 maritum

230 2803 347 2836 Faustae
367 2817 444 2844 esse,
454 2806 525 2878 Zsed
538 2806 714 2845 adulterum,
735 2806 887 2847 sequentia
901 2805 969 2835 satis

231 2858 297 2878 com
409 2856 431 2879 t.
484 2872 492 2879 .

233 2929 283 2964 Im
304 2900 345 2940 ρο
363 2901 401 2922 ex
413 2889 497 2922 Vinii
519 2892 666 2922 sententia
687 2891 758 2923 dicit
779 2891 848 2921 satis
869 2889 971 2921 festiva

282 2943 341 2964 ma.

274 2978 316 3047 g}
448 2987 503 3014 us3
524 2975 646 3007 allectus
660 2982 691 3006 et
704 2977 871 3007 inviscams.

337 3017 452 3059 &9⁸5⁸
479 3029 589 3057 casnm
608 3019 782 3061 Afimih'a
803 3018 970 3059 Longareni

1003 1573 1116 1604 moechz‘.
1137 1572 1207 1604 Vet.
1222 1572 1325 1604 Schol.
1346 1572 1384 1606 Β.
1427 1572 1506 1603 Sunt
1524 1573 1575 1614 qui
1594 1571 1744 1605 Milonem

1003 1615 1140 1647 maritum
1166 1614 1341 1658 intelligant.
1383 1614 1427 1646 At
1447 1625 1515 1646 vero
1539 1626 1599 1646 non
1627 1623 1746 1658 apparet

1004 1667 1103 1706 causa,
1124 1669 1178 1689 cur
1186 1668 1252 1731 Ξοιι
1265 1669 1366 1689 verum
1380 1668 1490 1688 nomen
1509 1668 1618 1700 ponere
1632 1658 1747 1689 malue-

1003 1707 1042 1730 nt
1054 1707 1164 1731 auctor.
1217 1723 1225 1731 .

1045 1746 1085 1774 68
1108 1741 1296 1774 Lucilianum
1309 1750 1355 1774 est
1366 1748 1460 1780 muto,
1481 1749 1512 1774 et
1532 1753 1550 1772 a
1563 1742 1670 1773 Graeco
1683 1750 1746 1775 Μυ-

1002 1783 1062 1822 ric,
1081 1785 1162 1827 quod
1174 1786 1327 1816 summitas
1340 1792 1386 1816 est
1394 1784 1480 1816 Nasi.
1523 1785 1687 1827 Laesojam
1701 1789 1747 1817 la-

1003 1828 1110 1859 crimas
1119 1829 1234 1859 nmumi
1247 1830 1388 1869 absterget
1401 1829 1508 1859 amica.
1548 1826 1691 1859 Lucilius.
1706 1829 1745 1860 B.

1004 1869 1079 1901 Non
1093 1871 1182 1902 minn-
1198 1871 1325 1902 videntis
1336 1871 1431 1913 magis
1443 1870 1586 1912 placuisse
1599 1871 1665 1901 viris
1675 1871 1746 1902 doc-

1003 1913 1054 1950 tis,
1069 1913 1139 1944 licet
1153 1914 1247 1954 major
1260 1914 1300 1944 sit
1313 1914 1467 1945 auctoritas
1475 1913 1594 1944 alterius
1600 1913 1745 1945 lectionis.

1005 1953 1135 1987 Vividior
1148 1957 1229 1987 enim
1247 1956 1282 1987 fit
1302 1964 1333 1987 et
1354 1956 1448 1998 magis
1467 1956 1583 1998 poetica
1596 1957 1699 1995 oratio,
1720 1958 1746 1988 si

1001 2008 1068 2039 pars
1081 2009 1148 2040 quae
1161 1997 1212 2030 hic
1225 1998 1348 2040 loquens
1362 1998 1567 2036 introducitur,
1586 1998 1689 2030 vidisse
1702 1999 1747 2030 di-

1005 2041 1187 2072 camrmala..
1227 2040 1311 2076 Quid
1331 2051 1398 2072 vero
1419 2051 1494 2082 opus
1517 2043 1746 2084 erattamgravi

1005 2084 1147 2122 oratione,
1168 2085 1194 2115 si
1214 2083 1332 2114 vidisset
1344 2083 1451 2115 Villius
1471 2084 1548 2114 mala
1566 2085 1666 2114 tanta?
1690 2083 1746 2114 Sa-

1004 2126 1131 2199 gentior
1151 2134 1200 2158 est
1220 2137 1286 2169 pars
1303 2134 1349 2157 est
1369 2126 1525 2158 libidinosa
1543 2136 1598 2157 suo
1615 2126 1744 2159 domino.

1049 2215 1091 2244 69
1112 2208 1151 2242 In
1161 2212 1261 2242 animo
1272 2210 1430 2242 consilium
1443 2216 1489 2241 eet
1500 2217 1532 2241 et
1545 2210 1629 2242 ratio.

1050 2253 1134 2284 Quid
1152 2254 1199 2284 vis
1221 2254 1292 2291 u'lri3
1313 2252 1379 2284 h.e.
1399 2252 1501 2287 Quam
1525 2263 1588 2284 rem
1608 2253 1742 2296 tnagis?

1006 2293 1058 2325 An
1071 2296 1179 2326 mentis
1193 2295 1269 2326 bene
1284 2306 1363 2325 sanae
1377 2295 1433 2325 a?

1049 2342 1088 2373 71
1111 2337 1197 2369 Stola
1210 2338 1308 2368 tunica
1330 2344 1391 2368 erat
1403 2337 1566 2376 muliebris,
1587 2343 1620 2368 et
1631 2338 1747 2380 propria

1005 2387 1212 2410 matronarum.
1305 2388 1321 2405 κ

1049 2422 1132 2453 Iram
1146 2421 1218 2452 dicit
1240 2420 1370 2453 libidinis
1393 2421 1548 2453 insaniam.
1582 2422 1636 2453 Ira
1647 2421 1745 2463 fictor

1007 2464 1101 2495 brevis
1113 2469 1165 2495 est.

1050 2512 1090 2543 73
1113 2505 1248 2537 Ridicule
1260 2504 1483 2548 philosoplntur
1500 2507 1533 2537 in
1545 2517 1578 2538 re
1591 2507 1746 2549 turpicula.

1007 2548 1090 2580 Nam
1102 2547 1301 2591 Philosophiae
1314 2556 1359 2579 est
1372 2549 1410 2579 ad
1418 2555 1552 2580 mmmm
1564 2550 1668 2582 vivere.
1724 2561 1729 2568 ⁵

1051 2597 1092 2627 74
1114 2591 1208 2623 Dives
1220 2592 1300 2635 opis5
1315 2589 1391 2623 nihil
1404 2591 1485 2634 quod
1498 2593 1544 2623 sui
1557 2593 1687 2624 muneris
1699 2600 1746 2624 est

1007 2641 1120 2665 namrae
1134 2634 1227 2664 deest.
1540 2651 1546 2655 κ
1726 2652 1732 2657 --

1050 2678 1137 2708 Recte
1159 2677 1306 2718 dispensat
1330 2677 1383 2718 qui
1403 2677 1550 2719 sapienter
1561 2678 1669 2708 utitur:
1689 2688 1745 2709 nos

1010 2720 1099 2750 etiam
1113 2719 1241 2750 dominae
1250 2726 1361 2750 natum
1373 2719 1586 2762 dispensatores
1598 2731 1709 2752 snmus.

1052 2766 1094 2798 76
1111 2762 1300 2793 Visionoswo
1313 2763 1745 2800 laboraveram-imam

1010 2805 1084 2835 desit
1105 2805 1272 2846 phasianus
1277 2817 1292 2843 ,·
1312 2814 1411 2836 rer-mn
1433 2809 1544 2836 namara
1566 2807 1745 2844 laboramus,

1010 2848 1036 2877 si
1057 2849 1187 2878 dolemus
1202 2854 1268 2878 cum
1291 2848 1365 2878 desit
1373 2848 1474 2890 panis.
1494 2843 1567 2879 Vet-
1587 2847 1689 2879 Schol.
1703 2847 1742 2879 B.

1011 2890 1074 2921 Tuo
1085 2890 1169 2927 vitio,
1190 2897 1241 2920 tua
1254 2889 1350 2934 culpa,
1371 2890 1396 2921 si
1415 2897 1681 2922 mmmmm.
1699 2901 1746 2923 re-

1008 2942 1124 2969 rumne,
1144 2942 1184 2962 an
1198 2933 1371 2971 necessario,
1390 2934 1455 2963 sine
1467 2933 1553 2975 culpa
1564 2940 1624 2964 tua.
1635 2932 1673 2964 Ζ.

1051 2975 1197 3007 Lalaores:
1218 2976 1307 3007 miser
1319 2976 1381 3015 εἰη
1402 2985 1472 3022 nau!
1483 2983 1514 3007 et
1534 2975 1616 3008 labor
1629 2976 1747 3009 miseria

1009 3024 1063 3049 est.
1216 3038 1220 3042 -
1725 3035 1728 3038 ·

1397 1434 1435 1465 71
1460 1440 1526 1460 mea
1539 1437 1603 1461 tum
1617 1441 1685 1462 cum
1699 1431 1748 1462 in·
1784 1460 1795 1464 -
