1950 3626
671 315 881 355 METRA
907 306 1287 358 ‚HORATIANA
1675 309 1741 348 xlv

199 428 339 475 ,metr-i.
395 424 620 469 Diomedes
658 425 785 467 Metr.
815 426 962 468 Horat.
994 426 1023 466 l.
1061 431 1097 465 l.
1127 423 1180 465 O.
1220 428 1284 464 10.
1318 420 1521 461 nominari
1550 419 1739 475 perhibet

198 502 322 546 ,nicea
358 501 506 542 celicon
542 500 750 542 climeteon
764 518 778 548 ‚·
823 507 1023 555 corrupte,
1064 504 1264 554 quantum
1302 508 1490 549 auguror,
1528 508 1578 534 ex
1611 491 1739 544 ἐπικὴν

205 572 354 626 remu-&v
372 574 579 631 Διμοιρίαν.
597 580 748 615 remoto
764 573 1008 616 Hexanwtri
1027 573 1152 622 besse,
1167 570 1364 624 reliquum
1376 567 1573 608 trientem.
1615 569 1739 613 Nota.

206 645 353 686 Versus
373 645 491 687 certis
510 646 681 702 pedibus
693 647 868 703 alligati,
890 646 962 703 qui
982 642 1359 687 Monoschenmtisti
1376 640 1562 694 audiunt,
1579 655 1652 696 per
1662 643 1742 698 syl-

206 720 316 761 labas
336 720 540 761 numerari
558 720 790 776 patiuntur:
820 720 930 762 unde
952 719 1199 775 Sapphicum
1213 715 1545 772 penta-syllabam
1563 722 1740 757 vocatur.

209 792 382 835 Musicis
402 793 739 836 Choriambicum
760 801 1065 836 monometrum
1081 792 1467 850 hypercatalectum.

268 875 307 909 2.
335 867 634 909 Archilochium
646 868 971 924 heptasyllabam
988 873 1146 908 constat
1157 880 1209 907 ex
1229 865 1319 907 basi
1332 866 1397 906 vel
1416 864 1607 919 Dipodia
1625 864 1745 908 Dac-

209 941 335 997 tylica
372 955 467 982 cum
503 941 723 998 semipede.
783 941 1022 984 Dimetrum
1060 940 1326 996 Dactylicum
1357 939 1742 995 hypercatalectum.

203 1015 381 1058 >Cesum
399 1029 450 1057 ex
468 1015 665 1071 superiori
678 1021 802 1071 parte
820 1015 1067 1058 Heaeanwtri
1082 1014 1437 1056 Pentherninaeres.
1481 1013 1747 1058 Subnectitur

203 1088 477 1131 ⁴chametro.
540 1089 676 1133 Carm.
698 1090 730 1133 Ι.
755 1097 793 1132 4.
826 1090 908 1132 Od.
929 1096 968 1132 7.

270 1168 310 1204 3.
338 1162 645 1204 ΡΙιρνει-ταεὴιτη
663 1165 715 1205 ab
736 1163 956 1207 inventore.
1015 1163 1275 1205 Pherecrates
1293 1161 1337 1203 in
1356 1160 1545 1203 cotiano.

678 1295 831 1349 Ἀνὸρες
857 1295 1058 1350 πρόσχετε
1084 1291 1146 1334 τὸν
1174 1293 1238 1333 vir

656 1374 658 1376 ’
684 1364 931 1420 Ἐξευςήμειτι
960 1365 1079 1419 καινῷ

688 1433 947 1490 Συμπῖύκτοις
968 1433 1180 1481 ,ἀναπαῖςοι
1185 1449 1216 1478 ς.

212 1570 374 1614 Plocius
397 1571 828 1615 Monoschematistum
846 1580 989 1615 vocat:
1021 1571 1146 1613 habet
1164 1570 1278 1611 enim
1297 1569 1421 1624 pedae
1441 1567 1485 1609 in
1504 1568 1650 1610 eodem
1670 1568 1751 1610 situ

202 1645 493 1699 ,invariabiles3
524 1655 571 1688 ut
589 1647 661 1703 qui
678 1645 796 1703 juxta
816 1646 1118 1688 Gmmmaticos
1136 1645 1293 1687 duobus
1313 1642 1412 1684 hinc
1433 1642 1528 1684 inde
1549 1642 1751 1699 Spondeis

209 1719 434 1777 Dactylum
453 1735 615 1777 semper
634 1715 851 1778 interjiciat
870 1720 1079 1762 medium:
1109 1718 1220 1760 unde
1239 1727 1282 1759 et
1296 1716 1643 1773 Heptasyllabum
1662 1716 1752 1758 fieri

212 1809 377 1837 necesse
389 1803 460 1837 oet.
522 1795 647 1841 Quod
657 1795 771 1838 addit
784 1795 895 1837 idem
915 1794 1015 1836 alios
1036 1793 1313 1850 Symptycton‚
1329 1791 1429 1833 alios
1442 1791 1752 1846 Anapaesticum

212 1870 362 1924 dicere,
383 1885 522 1912 vereor
551 1879 598 1912 ut
622 1869 804 1912 alterutri
829 1869 931 1927 quid
950 1868 1027 1910 sibi
1046 1868 1187 1920 velint,
1217 1866 1311 1908 satis
1338 1864 1615 1907 intellexerint
1626 1881 1640 1918 ;
1670 1878 1749 1906 nec

204 1944 327 1997 *enim
347 1944 597 1987 Ploereeratis
616 1945 739 1985 verba
763 1944 815 1986 de
835 1945 944 1999 pede
968 1944 1192 1998 Armpoesto
1211 1940 1418 1997 ceperim:
1439 1954 1537 1981 cum
1562 1939 1751 1996 Hephae—

211 2018 317 2060 stion
344 2018 547 2060 Metricus
566 2017 873 2060 Pherecratium
902 2017 1280 2072 Hephthemimeres
1306 2015 1587 2070 Anti-§postico
1610 2014 1754 2071 generi

214 2092 407 2145 vindicet,
430 2092 487 2134 ita
505 2091 663 2134 scilicet
688 2091 840 2148 patitur
856 2100 903 2133 ut
928 2091 1154 2148 Epitritum
1174 2097 1365 2146 quartum
1392 2090 1627 2146 complicet,
1656 2104 1754 2132 cum

214 2165 393 2222 Epitrito
439 2165 573 2222 primo
621 2164 735 2222 cujus
782 2165 930 2208 ultima
976 2164 1128 2208 deficit.
1207 2160 1498 2213 Δικατάληκτον
1545 2171 1666 2205 vocat
1713 2171 1755 2204 et

215 2237 468 2294 ἀσυνάρτητον
505 2236 608 2278 κατὰ
642 2237 905 2291 α’ντιπώθειαν,
935 2239 1032 2296 quia
1057 2239 1323 2282 Trochaicam
1351 2246 1565 2294 protomen
1602 2238 1756 2280 claudit

216 2314 402 2355 Iambica
422 2313 621 2355 catalexis
635 2330 649 2355 .·
683 2329 780 2356 cum
800 2314 867 2356 hae
887 2312 1191 2369 conjugationes
1209 2314 1286 2355 sibi
1307 2322 1452 2356 mutuo
1478 2315 1752 2355 adversentur.

218 2388 591 2444 Sesquiseptenaria
612 2389 791 2429 clausula
810 2387 960 2429 dicitur
979 2387 1089 2443 quod
1105 2387 1234 2429 tribus
1253 2387 1475 2444 dissyllabis
1501 2387 1673 2443 pedibus
1691 2385 1758 2428 bi-

215 2464 337 2506 sectis
356 2463 526 2519 accedat
553 2463 741 2520 semipes.
799 2462 1026 2508 Ἀναίπαισις
1052 2462 1122 2504 hic
1155 2462 1198 2504 id
1225 2464 1359 2504 valere
1384 2462 1545 2503 videtur
1571 2461 1683 2517 quod
1711 2461 1756 2504 in

213 2537 366 2580 Ionicis
384 2534 632 2582 Ἀνάκλασις.
678 2539 753 2580 Pes
772 2538 886 2580 enim
905 2546 1062 2594 septem
1077 2545 1311 2593 temporum
1331 2550 1427 2578 cum
1448 2535 1553 2591 pede
1572 2534 1756 2592 quinque

216 2620 450 2669 temporum
470 2613 594 2655 simul
613 2612 739 2654 sumti
758 2620 911 2669 puncta
931 2611 1157 2653 conficiunt
1170 2609 1415 2652 duodecim:
1447 2616 1495 2650 ut
1509 2608 1756 2665 Dimetmm,

216 2686 401 2743 quamvis
420 2688 574 2743 syllaba
592 2685 769 2739 deficiat,
791 2695 933 2728 tamen
952 2700 1026 2742 per
1044 2685 1152 2731 hanc
1171 2684 1400 2740 Epiplocen
1417 2685 1530 2726 velut
1548 2698 1600 2726 ex
1618 2698 1755 2741 reper-

210 2760 402 2812 ,cussione
424 2759 554 2818 justos
581 2762 761 2804 absolvat
787 2777 991 2805 numeros,
1049 2761 1147 2804 Post
1173 2760 1440 2816 Asclepiadoe.
1465 2759 1565 2802 bina
1590 2760 1758 2816 ponitur

217 2842 410 2891 sequente
448 2834 665 2892 Glyconio.
724 2835 776 2879 L.
824 2844 854 2880 1.
896 2837 976 2880 Od.
1021 2843 1058 2879 5.
1105 2843 1171 2878 14.
1210 2842 1280 2878 21.
1314 2840 1382 2878 23.
1422 2841 1465 2877 et
1494 2834 1555 2881 L.
1595 2842 1635 2880 3.
1673 2834 1754 2877 Od.

219 2913 260 2951 ’7.
286 2915 350 2952 13.
1305 2914 1310 2917 “

275 2990 315 3024 4.
349 2981 593 3038 Glyconium
614 2986 921 3041 Octasyllubum
938 3005 953 3036 ;
988 2986 1145 3029 duobus
1170 2983 1357 3040 Dactylis
1384 2983 1624 3040 Spondeum
1651 2997 1758 3040 prae-
