1950 3626
484 716 1027 777 COMPENDIA
1077 722 1527 779 NOMINUM

238 926 471 974 QUIBUS
518 931 670 972 USUS
717 933 845 973 SUM
899 934 968 973 IN
1014 934 1384 973 VARIETATE
1432 930 1771 973 LECTIONIS

808 1005 1203 1045 INDICANDA.

237 1204 366 1254 Non
392 1215 466 1255 est
499 1224 620 1272 opus
658 1225 716 1258 ea
749 1209 825 1258 hic
858 1210 1141 1272 adscribere,
1185 1210 1356 1274 quibus
1393 1209 1522 1268 Aldi,
1549 1208 1768 1268 Bentleii,

238 1287 452 1357 Cruquii,
492 1290 793 1359 Cuningami,
834 1292 923 1343 Ge.
963 1294 1187 1355 Fabricii,
1228 1293 1461 1354 Lambini,
1501 1293 1771 1359 Rutgersii‚

235 1372 440 1423 Hem-ici
478 1385 525 1424 et
561 1375 763 1425 Roberti
797 1376 1153 1442 Stephanoram,
1195 1379 1243 1427 T
1234 1378 1389 1438 alboti,
1427 1379 1476 1427 T
1466 1378 1680 1437 armatii,
1719 1387 1770 1427 et

234 1456 402 1506 similia
425 1459 618 1508 nomina
640 1460 934 1510 indicantur:
973 1462 1056 1511 sed
1095 1462 1207 1511 satis
1230 1472 1304 1511 est
1328 1477 1503 1526 ponere
1526 1462 1623 1522 illa,
1660 1479 1770 1526 quae

233 1541 426 1606 propria
450 1543 659 1606 quodam
685 1546 828 1593 modo
854 1546 963 1594 huic
986 1545 1178 1594 editioni
1201 1555 1324 1594 sunt.
1397 1545 1594 1609 Nempe

302 1624 420 1674 Birr.
459 1627 587 1690 quod
612 1628 819 1677 occurrit
839 1630 983 1678 modo
1006 1629 1119 1678 Car.
1149 1639 1193 1681 2.
1231 1639 1276 1681 2.
1306 1629 1573 1677 declaratur
1609 1627 1674 1676 ibi
1708 1628 1771 1677 ad

235 1725 279 1756 v.
308 1716 358 1759 2.

298 1791 409 1841 Bos.
448 1792 697 1862 Lamberti
716 1796 815 1845 Bos
832 1797 879 1846 A
883 1797 1272 1847 nimadversiones
1290 1797 1355 1845 ad
1367 1797 1620 1863 scriptores
1637 1812 1771 1863 quos-

230 1876 337 1924 dam
361 1874 571 1938 Graecoe,
597 1880 769 1943 quibus
808 1881 985 1946 adjecit
1016 1882 1158 1930 etiam
1182 1882 1399 1942 Latinas,
1426 1883 1490 1931 ad
1506 1881 1771 1930 Horatium

233 1960 423 2024 quidem
448 1979 478 2010 a
499 1980 547 2027 p.
574 1965 652 2014 26.

299 2044 356 2094 Β.
383 2045 461 2094 Br.
502 2047 695 2097 Brodaei
719 2047 886 2098 Codex
923 2050 1030 2099 MS.
1069 2050 1129 2098 de
1159 2067 1256 2114 quo
1287 2050 1431 2100 modo
1455 2049 1502 2098 in
1530 2048 1770 2099 Praesidiis

230 2145 277 2177 n.
307 2128 396 2178 IV.
422 2129 617 2181 dictum.

298 2211 423 2262 Coll.
452 2214 560 2264 Sax.
581 2217 672 2267 vid.
705 2219 899 2268 Praesid.
926 2237 972 2269 n.
1002 2221 1100 2270 111.

213 2307 229 2315 *
299 2295 350 2344 F.
380 2296 451 2346 Fl.
477 2298 748 2350 Florentina
773 2304 832 2351 A.
870 2313 1008 2356 1482.
1036 2306 1068 2353 f.
1096 2323 1241 2369 quam
1277 2305 1496 2368 possideo
1520 2321 1681 2353 carum
1718 2311 1768 2352 et

229 2389 414 2446 gratum
436 2399 607 2433 munus
629 2385 941 2436 Illustrissimi
973 2388 1333 2455 Hardenbergii.
1407 2389 1496 2437 Est
1516 2390 1620 2437 haec
1644 2387 1771 2451 prin·

230 2481 343 2529 ceps
378 2466 523 2515 editio
561 2468 765 2530 Horatii,
806 2470 853 2519 in
889 2488 985 2535 qua
1018 2472 1427 2536 interpretationes
1454 2472 1656 2521 Landini
1685 2472 1770 2521 ad-

221 2549 405 2614 junctae
447 2560 569 2601 sunt.
659 2553 952 2619 Subscriptio
995 2556 1127 2604 haec:
1185 2554 1515 2621 Christophori
1562 2556 1772 2606 Landini

229 2629 493 2684 Florentim'
522 2636 572 2686 in
597 2637 657 2693 Q.
696 2637 901 2687 Horatii
934 2639 1093 2688 Flacci
1122 2650 1261 2704 opera
1295 2640 1447 2688 omnia
1485 2640 1770 2706 interpreta-

227 2720 406 2770 tionum
407 2721 533 2786 finis
542 2721 697 2771 divino
714 2719 1037 2789 auriliofelir.
1099 2723 1383 2789 Impressum
1396 2735 1488 2789 per
1505 2724 1768 2775 Antoniam

228 2799 565 2855 Miscominum
607 2806 862 2856 Florentia?
897 2807 991 2856 An.
1034 2808 1195 2856 salutis
1233 2807 1763 2860 MCCCCLXXXII.

229 2888 388 2938 Nonis
410 2890 623 2956 Augusti.
662 2891 804 2957 Typi,
830 2893 1019 2952 chartae,
1046 2891 1299 2956 descriptio
1323 2892 1764 2957 interpretationum

226 2973 275 3031 in
297 2976 597 3043 marginibus,
618 2994 707 3027 nec
727 2978 1000 3027 hodiernam
1015 2978 1297 3044 elegantiam
1315 2978 1589 3027 dedeceant.
1630 2976 1767 3029 Qua·
