1924 3458
186 258 270 294 564

625 257 678 301 Q.
714 256 999 299 HORATII
1045 253 1286 301 FLACCI

221 374 298 412 155
360 370 516 413 Sessuri
535 372 666 415 donec
686 381 840 428 cantor,
863 373 945 416 Vos
963 373 1159 430 plaudite,
1180 373 1306 426 dicat,

358 444 507 487 ,ffltatis
528 445 722 505 cujusque
741 448 910 490 notandi
929 455 1023 490 sunt
1042 448 1118 490 tibi
1138 462 1286 500 1110105,ι

359 519 668 578 Mobilibusque
689 523 812 565 decor
828 523 981 565 naturis
1002 523 1157 565 dandus
1177 530 1219 564 et
1237 522 1367 565 annis.

360 595 548 638 Reddere
567 597 639 653 qui
657 612 776 640 voces
790 597 878 653 jam
898 597 975 639 seit
993 612 1107 654 puer,
1128 605 1170 639 et
1187 597 1291 653 pede
1312 603 1424 638 certo

357 669 503 726 Signat
521 671 710 725 humum,
730 672 851 727 gestit
869 672 1031 727 paribus
1052 672 1271 725 colludere,
1296 672 1337 712 et
1357 671 1460 712 iram

227 754 306 790 160
364 747 534 804 Colligit
553 764 601 791 ae
620 750 738 806 ponit
756 757 926 802 temere,
949 756 991 790 et
1010 756 1190 790 mutatur
1210 750 1254 790 in
1273 750 1405 791 horas.
1442 763 1444 766 ’

360 822 573 865 Imberbus
586 822 762 879 juvenis,
780 824 948 865 tandem
970 823 1136 864 custode
1157 829 1328 874 remoto,

358 896 523 960 Gap-det
541 897 657 958 eguis
678 896 926 954 carii—busque
940 904 987 957 gt
1005 895 1132 959 aprici
1151 895 1337 952 graQne
1358 893 1494 955 campi
1505 907 1520 948 ;

361 970 511 1013 Cereus
531 971 575 1013 in
594 971 741 1013 vitium
761 971 885 1024 flecti,
909 970 1179 1012 monitoribus
1199 985 1329 1027 asper,

360 1046 539 1088 Utilium
558 1046 694 1088 tardus
712 1045 904 1102 provisor,
927 1044 1121 1102 prodigus
1141 1044 1245 1098 aeris,

221 1127 301 1163 165
361 1120 570 1173 Sublimis,
592 1120 858 1177 cupidusque,
878 1128 920 1161 et
938 1126 1074 1161 amata
1093 1119 1322 1176 relinquere
1340 1117 1497 1176 pernix,

358 1194 571 1237 Conversis
590 1194 746 1248 studiis,
773 1202 871 1237 aetas
892 1193 1137 1251 animusque
1155 1193 1282 1236 virilis

361 1269 523 1315 Quaerit
542 1284 639 1325 opes
659 1276 701 1310 et
719 1269 935 1321 amicitias,
956 1267 1121 1310 inservit
1139 1268 1300 1322 honori,

361 1343 623 1386 Commisisse
644 1352 761 1385 cavet
780 1343 891 1400 quod
909 1357 1007 1384 mox
1026 1349 1184 1384 mutare
1204 1344 1373 1386 laboret.

223 1498 304 1535 170

359 1418 497 1460 Multa
515 1433 656 1460 senem
672 1417 1002 1460 circumveniunt
1022 1411 1312 1471 incommoda3
1343 1419 1409 1479 vel
1429 1417 1539 1477 quod

362 1492 538 1548 Qu0aerit,
562 1500 604 1550 et
623 1492 798 1553 ianiS
818 1491 942 1549 mjger
960 1491 1149 1551 abstinet,
1168 1507 1217 1552 ac
1237 1492 1357 1555 ffiESt
1375 1492 1436 1555 uti
1447 1509 1461 1545 ;

347 1566 439 1627 {Vel
459 1567 569 1624 quod
588 1581 649 1609 res
669 1581 812 1609 omnes
832 1566 977 1608 timide
997 1565 1216 1629 gelideque
1235 1566 1452 1620 ministrat,
1494 1610 1500 1617 Κ

191 1705 248 1736 157
266 1698 388 1732 maturis
401 1700 501 1731 Bentl.
522 1710 559 1731 eoe
578 1697 652 1740 conj.
668 1704 695 1730 et
709 1701 882 1732 auctoritate
900 1699 1057 1730 nonnulla.

868 1746 927 1774 168
943 1741 1023 1783 quod
1037 1749 1166 1784 permut.
1189 1741 1263 1772 MS.
1276 1741 1352 1772 Ach.
1363 1741 1444 1773 Stat.

472 1741 619 1775 Imber-bis
633 1743 780 1777 edd.svett.

185 1841 255 1874 Vet.
268 1840 383 1875 Schol.⁴
413 1843 506 1879 Quod
517 1844 606 1875 fiebat
618 1851 735 1886 peracta
743 1844 808 1885 jam
823 1841 932 1874 fabula.

185 1886 267 1917 Nam
276 1898 345 1917 cum
360 1887 501 1918 ludebant
511 1888 624 1930 pulpita
632 1894 714 1918 erant
724 1894 811 1918 strata
821 1886 933 1917 aulaeis.

185 1928 224 1961 B.
247 1955 254 1957 .
269 1929 353 1964 Quin
378 1930 505 1961 aulaeum
532 1931 622 1972 quod,
651 1941 741 1971 quam
770 1930 822 1960 diu
846 1939 934 1959 scena

185 1979 287 2014 aperta
302 1980 357 2010 est,
371 1972 469 2011 humi,
478 1973 534 2004 sub
545 1974 666 2015 pulpitis
678 1973 835 2010 delitescit,
850 1972 934 2002 finito

153 2021 165 2035 ‘
183 2022 264 2053 actu,
280 2023 346 2058 post
360 2016 510 2055 Plaudite,
526 2017 556 2047 in
569 2017 662 2047 altum
677 2015 813 2052 trahitur,
824 2022 858 2045 ut
873 2025 937 2045 sce-

185 2069 256 2089 nam
285 2058 411 2096 claudat,
441 2067 472 2090 et
501 2066 700 2102 spectatorum
724 2058 819 2090 oculis
846 2065 936 2100 tegat.

185 2100 257 2131 Vid.
276 2100 365 2133 Ovid.
381 2101 461 2133 Met.
477 2108 507 2134 3.
534 2109 605 2133 121.
648 2102 702 2133 Sic
721 2103 772 2133 uhi
794 2102 938 2133 tolluntur

177 2144 267 2184 festis
291 2147 392 2175 aulaea
415 2146 549 2183 theatris,
578 2146 707 2186 Surgere
730 2145 818 2186 signa
846 2146 939 2176 solent

185 2194 243 2217 etc.
265 2188 392 2231 Pulpita
406 2196 475 2219 sunt
489 2189 586 2230 ipsum
603 2188 711 2226 solum,
728 2189 759 2219 in
774 2198 835 2230 quo
844 2194 939 2231 agunt

183 2231 303 2262 scenici.
346 2229 417 2262 vid.
431 2242 458 2261 v.
470 2238 543 2263 215.
565 2231 606 2263 G.

231 2281 291 2306 155
319 2272 444 2313 Cantor,
459 2274 593 2306 Histrio:
617 2285 687 2306 nam
702 2281 793 2305 cantu
807 2273 938 2316 quodam

186 2317 325 2359 agebant.
489 2324 493 2328 ’

228 2367 241 2391 1
250 2360 289 2392 56
305 2361 439 2392 Notandi
451 2373 461 2391 :
483 2360 670 2404 designandi,
685 2360 879 2403 exprimendi.

225 2404 341 2442 Mores,
355 2403 427 2442 ἤθη,
441 2403 545 2436 Ethici
560 2403 762 2436 characteres.
784 2402 823 2434 B.
867 2402 936 2434 Hu-

184 2447 365 2478 manissimae
379 2448 447 2478 volu
468 2449 537 2479 tatis
556 2455 678 2490 gustum
691 2447 744 2489 qui
760 2457 863 2489 capere
885 2456 937 2477 vo-

182 2489 236 2526 let,
258 2498 408 2532 comparet
432 2502 449 2522 c
461 2498 615 2522 iaracteras
639 2503 664 2522 s.
679 2490 846 2521 notationes
864 2497 937 2521 aeta-

185 2539 251 2563 tum
266 2532 469 2565 Aristotelicas
483 2531 575 2565 Rhet.
593 2542 623 2566 2.
640 2541 690 2566 12.
705 2545 749 2575 sq.
771 2532 812 2564 G.

228 2581 286 2612 157
305 2577 491 2617 Mobilihus;
512 2577 711 2609 variabilibus.

224 2617 404 2651 Rectissime
419 2619 575 2652 Bentleius
589 2621 717 2652 mamis
739 2629 793 2661 pro
808 2619 938 2657 naturis,

183 2661 263 2702 quod
278 2666 341 2694 emt
349 2664 579 2695 vitiosissimum.
600 2662 639 2695 B.
682 2662 816 2694 Abstulit
830 2661 880 2693 hic
895 2663 938 2692 vi-

183 2715 251 2735 rum
270 2705 341 2737 alins
364 2714 486 2738 cautum
507 2706 686 2739 Bentleiana
699 2705 796 2737 Siren.
837 2704 936 2743 Dicit,

185 2753 328 2780 naturam
341 2760 402 2780 non
417 2761 481 2781 esse
493 2752 641 2782 mobilem.
685 2748 755 2781 Sed·
768 2759 871 2779 nonne
885 2747 936 2779 hic
954 2774 960 2785 ,

185 2789 274 2822 docet
294 2790 438 2823 Horatius
448 2794 537 2825 aliam
551 2804 615 2825 esse
626 2799 761 2824 naturam
780 2792 875 2834 pueri,
885 2792 937 2832 ju-

183 2834 278 2872 venin,
297 2835 362 2873 viri,
383 2837 484 2867 senis?
528 2836 641 2868 Nonne
664 2835 714 2867 hic
736 2841 847 2866 natura
868 2846 937 2866 cum

185 2877 277 2907 mnis
288 2879 404 2917 nwliilis
418 2880 484 2910 est?
529 2879 708 2911 Suavissima
722 2878 772 2910 illa
782 2877 940 2909 rhetorica-

187 2918 243 2957 tio,
258 2927 289 2950 et
313 2921 479 2957 testimonia
499 2922 537 2954 de
560 2930 666 2954 natum
687 2921 879 2960 immutabili,
901 2921 939 2952 de

188 2962 316 2996 maturis
330 2964 456 3006 virorum
467 2976 501 2997 ac
520 2977 628 2999 senum
641 2966 742 3005 anni-5,
754 2963 831 2996 nihil
844 2964 939 2996 valere

1100 1699 1206 1729 Etiam
1229 1699 1323 1729 Baxt.
1348 1698 1392 1728 ed.
1405 1706 1436 1729 2.
1450 1699 1484 1730 it.
1502 1698 1581 1732 eun.
1670 1703 1727 1730 161

975 1843 1011 1873 ad
1026 1843 1152 1874 macras
1166 1846 1194 1872 et
1207 1852 1301 1873 annos
1315 1843 1434 1874 mobiles
1459 1840 1557 1873 Flacci
1583 1841 1649 1872 loco
1664 1851 1729 1873 mo-

977 1886 1084 1917 vendos
1095 1885 1216 1916 debent.
1237 1885 1281 1916 G.

1021 1933 1082 1960 160
1096 1929 1223 1965 Temere,
1238 1927 1351 1966 leviter,
1363 1927 1543 1959 inconsulto.

1022 1976 1077 2003 161
1099 1972 1246 2002 Imberbus
1257 1976 1285 2002 et
1298 1971 1444 2008 imberbis,
1460 1972 1537 2002 sicut
1551 1971 1682 2001 inermus
1696 1976 1725 2002 et

978 2015 1100 2045 inermis
1114 2014 1273 2045 invenitur.
1294 2011 1366 2045 Vet.
1378 2013 1484 2046 Schol.
1516 2012 1593 2044 Vide
1605 2012 1727 2057 Sosipa-

980 2059 1016 2089 tri
1031 2056 1156 2088 Charisii
1167 2055 1383 2088 Institutiones.

1024 2102 1154 2132 Tandem
1183 2099 1211 2131 ἐν
1237 2097 1323 2132 'fles‘
1350 2099 1491 2142 protulit;
1528 2097 1620 2130 habet
1648 2100 1730 2130 enim

980 2142 1147 2185 Emphasin
1161 2144 1348 2185 impatienter
1370 2142 1583 2185 exspectantis:
1607 2150 1637 2174 et
1651 2142 1731 2174 bene

981 2188 1130 2218 Imberbus
1143 2186 1180 2217 de
1195 2186 1258 2217 rudi
1275 2193 1306 2217 et
1321 2197 1417 2217 rerum
1433 2186 1581 2228 imperito.

1026 2229 1173 2268 Cust0de‚·
1209 2229 1334 2268 Tutore,
1363 2241 1417 2261 seu
1445 2228 1613 2271 Paedagogo
1626 2240 1633 2259 =
1671 2227 1730 2260 hoc

980 2273 1069 2304 fiebat
1083 2274 1186 2311 serius,
1201 2283 1304 2315 ocyus,
1319 2274 1397 2304 inter
1419 2273 1568 2303 decimum
1592 2278 1730 2314 quartum

979 2327 1092 2347 annum
1106 2316 1315 2358 decimumque
1329 2316 1500 2358 septimum.

1025 2362 1083 2391 162
1103 2359 1226 2401 Campi,
1240 2358 1356 2390 Martii.

1023 2407 1083 2434 165
1111 2402 1269 2440 Sublimis,
1285 2414 1320 2434 cu
1342 2402 1484 2442 idusque;
1506 2400 1611 2432 Elatus
1634 2406 1665 2430 et
1685 2410 1732 2431 ar·

977 2445 1082 2476 denter
1089 2445 1224 2487 cupidus.
1240 2444 1278 2476 B.
1328 2444 1391 2475 ons.
1402 2444 1497 2486 Epist.
1512 2451 1543 2475 2.
1558 2451 1586 2474 1.
1601 2450 1673 2475 100.
1687 2443 1729 2479 G.

1023 2492 1083 2519 166
1110 2489 1265 2520 Conversis
1283 2488 1392 2520 studiis
1401 2500 1416 2527 ,·
1438 2494 1550 2518 mutata
1568 2487 1731 2522 inconuu-

982 2532 1059 2563 rium
1074 2532 1234 2562 voluntate.

1028 2579 1085 2611 167
1108 2575 1233 2606 Inseruit
1242 2574 1344 2606 hmwn'
1351 2585 1371 2613 9
1387 2573 1528 2605 serviliter
1534 2571 1729 2615 Magistratus

980 2618 1088 2649 ambit.

1025 2666 1085 2692 168
1101 2661 1237 2700 Mutare,
1251 2659 1397 2691 infectum
1411 2659 1537 2690 efficere.

1025 2708 1085 2739 169
1114 2704 1357 2735 circumveniam
1367 2716 1382 2742 ,-
1410 2699 1652 2742 circumsepiunt,
1673 2699 1729 2729 cir-

978 2747 1155 2778 cumsident.

1022 2791 1231 2829 Incommoda3
1258 2796 1372 2832 pestes:
1407 2798 1477 2818 nam
1505 2784 1725 2817 Charientismo

978 2842 1082 2865 untur.

1026 2883 1086 2914 170
1102 2876 1211 2913 Miser,
1225 2874 1409 2912 miserabilis,
1424 2879 1456 2905 et
1468 2882 1521 2915 per
1538 2870 1596 2903 hoc
1611 2869 1728 2902 stultu..

1026 2925 1082 2956 171
1105 2919 1220 2956 Gelide,
1234 2918 1323 2948 lente.

1024 2963 1194 3000 Ministrat‚
1206 2961 1290 3003 regit.
1300 2989 1302 2993 ,
