1950 3626
380 716 702 816 POSUIT
753 759 1212 815 BAXTERUS
1262 756 1610 812 DEINDE

252 984 551 1031 DUORUM
590 985 920 1031 VETERUM
960 985 1052 1029 DE
1093 983 1402 1027 HORATIO
1441 981 1738 1027 JUDICIA:

615 1203 1056 1262 Qumc'mmANl,
1092 1210 1163 1254 10.
1199 1210 1239 1251 1.
1265 1202 1361 1259 96:

281 1450 430 1494 INTER
448 1451 618 1509 Lyricos
644 1454 750 1495 solus
770 1453 854 1494 fere
882 1452 1029 1507 dignus
1062 1459 1122 1493 aet
1154 1451 1239 1507 legi
1259 1450 1470 1504 Horatius,
1502 1451 1697 1509 quoniam
1716 1461 1759 1496 et

225 1523 398 1581 insurgit
417 1526 648 1583 aliquando,
681 1533 723 1567 et
751 1528 897 1582 plenus
928 1533 989 1577 est
1016 1523 1285 1582 jucunditatis
1304 1533 1347 1567 et
1372 1525 1527 1581 gratiae,
1561 1527 1759 1584 variisque

223 1598 354 1640 verbis
373 1607 416 1641 et
433 1599 572 1656 figuris
591 1600 824 1642 felicissime
843 1598 975 1641 audax
983 1600 1027 1641 *-

222 1730 516 1788 Fragmentum
534 1729 982 1788 Hendechsyllaborum
1001 1730 1129 1773 Cilnii
1148 1730 1392 1773 Maecenatis
1418 1730 1462 1773 in
1481 1729 1638 1774 obitum
1658 1732 1756 1775 Ho-

281 1821 426 1863 ωιτη,
444 1809 554 1866 quod
571 1808 681 1865 apud
698 1807 901 1850 Isidorum
913 1811 941 1858 †
965 1815 1038 1859 εστ,
1058 1806 1116 1848 ita
1133 1804 1308 1848 restituit
1324 1805 1456 1848 Janus
1474 1805 1640 1848 Dousa:

563 1916 733 1973 Lageus
754 1922 807 1964 te,
826 1930 918 1958 mea
936 1915 1037 1968 vita,
1058 1929 1129 1957 nec
1147 1915 1405 1971 smaragdos,

563 1990 751 2047 Beryllo-s·
768 1990 881 2043 mihi,
904 1989 1071 2043 Haece,
1093 2004 1165 2031 nec
1182 1990 1366 2043 nitentes,

567 2065 655 2107 Nec
667 2065 925 2121 percandida
944 2046 1177 2122 margarita
1196 2078 1345 2121 quaero,

567 2139 655 2180 Nec
673 2153 771 2195 quos
796 2138 978 2195 Urynica
1000 2138 1097 2180 lima
1110 2139 1330 2195 perpolivit

562 2214 740 2266 Auellos,
759 2229 832 2256 nec
850 2214 995 2269 Iex-spos
1016 2213 1188 2269 lapillos.

964 2314 1138 2357 Utinam
1159 2323 1307 2358 caetera
1323 2330 1406 2357 non
1425 2315 1756 2358 desiderarentur.

270 2463 292 2485 θ
318 2459 431 2497 Hunc
449 2460 590 2497 Horatii
613 2460 813 2497 charactera
836 2474 910 2497 non
926 2462 1095 2511 cogitant,
1110 2462 1171 2511 qui
1186 2462 1322 2511 quotioe
1344 2462 1475 2511 aliquid
1498 2462 1640 2500 offertur
1662 2462 1755 2512 quod

221 2525 289 2574 ipsi
305 2537 379 2561 non
393 2526 551 2574 capiunt,
562 2537 662 2561 urere
678 2534 713 2561 et
728 2534 1034 2562 secareconannn.
1085 2525 1212 2562 (ἷκεν.

267 2592 295 2634 1·
318 2589 497 2638 Orig.19·
510 2595 570 2626 32.
622 2589 691 2626 Sed
704 2589 774 2626 vid.
787 2589 936 2626 omnino
954 2590 986 2627 Ι.
1006 2590 1057 2627 H.
1075 2591 1268 2629 Meibomii
1283 2590 1440 2628 Maecen.
1459 2604 1490 2628 c.
1507 2598 1567 2628 25.
1610 2590 1736 2629 (ἔπειτ.
