1924 3458
711 590 1250 668 'LECTORI

887 794 931 838 S.
959 794 1002 838 P.
1035 794 1092 838 D.

486 938 857 995 ISAACUS
908 938 1490 993 VERBURGIUS.

1071 1058 1111 1078 ‘fl'

113 1199 292 1257 QUAM
314 1200 631 1250 necessarium
655 1202 979 1266 adjumentum
1004 1199 1072 1260 iis,
1099 1199 1181 1264 qui
1205 1198 1458 1264 capiuntur
1482 1200 1685 1250 lectione
1708 1202 1860 1252 Vetea

113 1306 235 1349 rum,
263 1290 356 1339 sint
379 1291 583 1351 Indices,
613 1291 784 1354 quibus
809 1300 1038 1353 tanquam
1064 1307 1093 1338 a
1122 1288 1230 1338 fidis
1259 1289 1459 1339 ducibus
1490 1291 1551 1339 ad
1582 1291 1742 1340 locum
1772 1291 1858 1340 ali-

112 1395 257 1442 quem
278 1380 509 1441 ducimur,
536 1382 692 1431 notius
716 1391 800 1441 est,
830 1399 974 1446 quam
998 1389 1051 1428 ut
1073 1395 1267 1428 necesse
1289 1379 1350 1428 sit
1374 1380 1465 1427 hoc
1486 1381 1593 1429 loco
1614 1379 1733 1429 illud
1756 1398 1859 1430 mo·

111 1486 237 1518 nere.
310 1469 480 1519 Testes
514 1479 623 1518 sunt
651 1487 829 1529 omnes,
856 1470 1028 1534 quibus
1058 1468 1205 1517 literae
1238 1468 1369 1517 cordi
1400 1477 1523 1528 sunt,
1551 1468 1729 1533 quique
1762 1485 1860 1517 non

110 1557 211 1607 sine
243 1574 331 1606 suo
358 1560 486 1607 malo
509 1559 826 1623 nequicquam
852 1568 977 1608 totas
1009 1561 1150 1607 horas
1182 1557 1438 1621 aliquando
1459 1557 1793 1605 insumserunt
1811 1555 1860 1603 in

110 1646 395 1710 requirendo
417 1649 587 1705 locum,
621 1664 763 1711 quem
798 1646 965 1713 legisse
988 1663 1039 1695 se
1063 1646 1387 1709 meminerant,
1412 1662 1503 1694 nec
1530 1655 1690 1693 tamen
1726 1653 1862 1709 pote-

110 1746 220 1786 rant
244 1737 480 1786 reminisci
502 1754 599 1801 qua
624 1736 730 1785 libri
755 1744 904 1801 parte.
981 1735 1110 1783 Huic
1141 1735 1267 1783 malo
1281 1733 1388 1799 jam
1410 1742 1520 1782 ante
1545 1734 1641 1783 duo
1664 1734 1763 1783 fere
1787 1751 1861 1783 se-

111 1827 222 1875 cula
246 1826 448 1890 quisque
481 1843 568 1890 pro
604 1827 691 1875 sua
724 1825 845 1874 virili
881 1833 1131 1887 coeperunt
1165 1823 1358 1884 mederi,
1385 1822 1481 1888 qui,
1508 1824 1624 1874 dum
1658 1826 1859 1875 auctoris

113 1916 313 1981 alicujus
337 1915 590 1965 dulcedine
615 1915 741 1979 capti
772 1915 955 1980 singula
976 1912 1023 1961 in
1049 1912 1293 1976 proprium
1318 1930 1457 1962 usum
1482 1913 1699 1979 seligunt,
1725 1914 1861 1962 nobis

112 2015 186 2056 tot
207 2005 418 2072 egregios
437 2004 629 2063 indices,
652 2003 825 2067 quibus
852 2019 948 2050 non
972 2003 1073 2052 sine
1098 2002 1337 2051 uberrimo
1356 2003 1510 2051 fructu
1538 2002 1728 2062 utimur,
1750 2018 1861 2050 con-

112 2095 340 2144 fecerunt.
402 2094 521 2143 Non
544 2101 801 2158 potuerunt
824 2091 1013 2140 Horatii
1036 2100 1273 2140 amatores
1296 2090 1377 2139 diu
1400 2107 1505 2140 esse
1527 2089 1740 2145 destituti
1762 2099 1860 2138 tam

114 2183 381 2232 necessario
404 2183 694 2247 adjumento,
725 2182 902 2246 quippe
926 2181 1060 2244 cujus
1094 2179 1234 2228 lectio
1256 2179 1490 2228 immensa
1507 2179 1709 2228 utilitate
1731 2196 1863 2228 com·

113 2282 281 2337 penset
314 2274 526 2321 laborem
550 2272 597 2319 in
619 2271 820 2337 legendo
843 2271 1141 2327 collocatum,
1165 2269 1396 2332 cujusque
1418 2268 1595 2332 scripta
1619 2269 1776 2318 decies
1798 2271 1861 2319 ad

114 2378 316 2428 unguem
342 2361 570 2426 castigata
603 2361 727 2408 ultro
762 2360 968 2408 alliciant
998 2359 1223 2405 lectorem
1252 2356 1315 2405 ad
1349 2357 1531 2420 optima
1554 2375 1758 2422 quaeque
1779 2375 1861 2409 ex-

114 2453 365 2517 cerpenda.
441 2451 516 2499 Ea
551 2449 679 2498 certe
715 2448 896 2498 ratione
932 2449 1132 2497 Thomas
1166 2447 1215 2495 T
1208 2454 1395 2494 reterus
1426 2455 1566 2494 natus
1606 2447 1857 2496 Posnaniae

114 2540 349 2606 (Poloniae
370 2539 560 2604 majoris
576 2555 635 2586 ea
652 2547 726 2587 est
742 2537 876 2601 urbs)
896 2537 1085 2604 collegit
1102 2535 1280 2601 primus
1301 2535 1516 2583 Iudicem
1534 2535 1581 2583 in
1604 2534 1858 2584 Horatium

114 2631 304 2696 adjutus
342 2648 373 2678 a
406 2628 644 2677 Stanislao
674 2627 938 2688 ‘Dr-azimo,
977 2646 1125 2693 quum
1156 2636 1355 2690 uterque
1389 2626 1558 2674 Romae
1589 2625 1638 2673 in
1675 2625 1858 2675 aedibus

114 2717 341 2768 Stanislai
370 2718 513 2767 Hosii
539 2717 599 2766 R.
631 2717 689 2765 E.
716 2716 984 2767 Cardinalis
1014 2718 1326 2766 versabantur
1354 2732 1480 2764 anno
1511 2723 1649 2771 1573.
1677 2716 1858 2767 nullam

113 2807 239 2856 enim
262 2808 403 2855 aliam
433 2808 575 2855 fuisse
602 2824 834 2867 caussam,
864 2807 952 2855 nisi
983 2814 1036 2854 ut
1058 2805 1349 2869 scriptorem,
1378 2820 1473 2868 quo
1497 2803 1754 2868 plurimum
1775 2804 1859 2852 de-

111 2897 388 2957 lectabatur,
415 2892 634 2946 redderet
656 2896 744 2944 sibi
765 2895 1059 2955 familiarem,
1086 2902 1288 2943 testatur
1307 2893 1410 2957 ipse
1420 2893 1681 2955 ›Treterus;
1717 2895 1857 2958 hujus

112 2985 363 3047 materiam
386 2996 554 3050 postea
576 2985 741 3050 polivit
763 2985 945 3034 Daniel
962 2984 1177 3032 Aveman
1201 2983 1615 3047 BrunopolitanuS.
1684 2985 1856 3042 Quum

114 3073 239 3123 enim
258 3074 497 3138 Treterus,
523 3084 579 3126 ut
600 3075 682 3140 qui
704 3076 960 3140 scripserat
978 3073 1082 3137 sibi,
1109 3089 1206 3123 non
1228 3072 1459 3124 aliisusus
1480 3083 1613 3125 esset.
1628 3074 1851 3135 numeriS‚
