1950 3626
706 756 1083 810 HORATII
1132 756 1338 810 VITA

504 964 573 1008 IN
614 965 773 1008 ALIO
813 964 1212 1008 EXEMPLARI
1253 962 1552 1006 BREVIUS

877 1137 1172 1170 DESCRIPTA.

258 1334 517 1391 QUINTUS
545 1333 829 1382 HonATms
861 1333 1104 1382 FLACCUS
1132 1332 1373 1382 Libertino
1408 1342 1541 1397 patre
1569 1341 1706 1381 natus
1740 1333 1788 1381 in

257 1418 447 1482 Apulia,
461 1435 568 1466 cum
584 1427 716 1481 patre
728 1417 774 1464 in
790 1417 987 1465 Sabinos
1004 1416 1230 1482 migravit,
1248 1433 1390 1480 quem
1404 1434 1512 1465 cum
1527 1426 1660 1481 pater
1675 1433 1792 1482 pue-

257 1518 362 1550 rum
389 1501 594 1549 Romam
620 1500 821 1549 misisset
838 1500 885 1547 in
904 1500 1067 1548 ludum
1090 1499 1361 1559 literarium,
1382 1500 1665 1564 parcissimis
1683 1517 1790 1549 eru-

256 1585 381 1634 ditus
403 1585 627 1649 impensis
643 1583 880 1651 angustias
903 1582 1048 1648 patris
1069 1583 1178 1632 vicit
1199 1584 1398 1651 ingenio,
1423 1584 1660 1648 coluitque
1677 1587 1790 1635 ado·

254 1669 436 1718 lescens
462 1669 676 1729 Brutum,
704 1670 793 1718 sub
811 1685 908 1732 quo
925 1668 1165 1717 Tribunus
1187 1667 1388 1716 militum
1415 1667 1536 1717 civili
1559 1668 1685 1716 bello
1705 1669 1791 1717 mi-

254 1752 415 1814 litavit,
438 1763 703 1817 captusque
725 1770 754 1801 a
771 1751 977 1811 Caesare,
998 1763 1105 1817 post
1130 1753 1329 1801 multum
1347 1761 1534 1817 tempus
1560 1751 1791 1802 beneficio

257 1837 539 1886 Maecenatis
577 1854 670 1886 non
709 1838 862 1886 solum
894 1847 1119 1897 servatuS‚
1161 1837 1244 1886 sed
1286 1836 1430 1886 etiam
1459 1836 1507 1884 in
1534 1837 1789 1887 amicitiam

257 1931 472 1987 receptus
511 1931 595 1971 est,
669 1921 978 1985 Quapropter
1004 1920 1259 1970 Maecenati
1290 1930 1339 1970 et
1362 1921 1580 1988 Augusto
1610 1922 1657 1970 in
1689 1939 1791 1971 om-

255 2007 392 2055 nibus
418 2006 612 2071 Scriptis
636 2006 732 2055 suis
753 2006 1081 2055 venerabiliter
1102 2006 1313 2073 assurgit.
1390 2005 1585 2070 Scripsit
1604 2005 1789 2056 Carmi-

255 2108 368 2139 num
406 2091 575 2140 Libros
611 2099 828 2154 quatuor,
865 2090 1069 2154 Epodwn
1103 2108 1264 2151 unum,
1294 2090 1502 2139 Carmen
1536 2090 1786 2152 Saeculare,

259 2175 539 2224 Sermonum
575 2175 645 2234 II,
676 2174 997 2239 Epistolarum
1021 2175 1096 2234 II,
1131 2175 1214 2224 De
1241 2177 1360 2224 Arte
1391 2175 1586 2224 Poetica
1622 2193 1784 2224 unum.

259 2258 580 2308 Commentati
599 2269 709 2307 sunt
726 2259 774 2306 in
790 2258 920 2307 illum
944 2259 1255 2326 Porphyrion,
1277 2259 1543 2321 Modestus,
1560 2260 1788 2311 Helenius

259 2343 420 2392 Acron
439 2362 452 2404 ;
491 2343 667 2407 optime
688 2343 896 2391 omnium
920 2343 1098 2392 Acron.
