1924 3458
673 285 764 330 DE
798 284 975 328 ARTE
1010 283 1314 328 POETICA.

1656 294 1758 346 ⁴5‘11

401 400 461 445 Et
478 401 572 444 data
585 398 784 441 Romanis
797 399 918 441 venia
937 407 997 441 est
1015 399 1186 455 indigna
1203 398 1353 455 poetis.

260 481 342 518 265

402 474 616 518 Idcircone
635 487 768 529 vager,
788 473 1044 530 scribamque
1072 473 1270 515 licenter?
1329 472 1390 514 Ut
1407 487 1548 535 omnes

386 549 912 609 ›VQSAEOEQQOEID
934 561 1041 600 mea,

1360 521 1481 538 ‘nnn—...4³⁴

1064 554 1175 588 tutus
1195 554 1237 588 et
1241 545 1362 600 jntgg

403 622 681 687 Qssffliae
701 622 869 664 cautus?
900 621 1024 664 vitavi
1039 620 1216 677 denique
1236 621 1415 676 culpam,

401 697 500 752 Non
520 697 684 739 laudem
704 696 848 754 merui.

563 748 676 757 um,
710 747 744 753 ...s-
761 746 767 750 -
776 743 845 751 Μ-ι-μ.

908 696 992 738 Vos
1012 694 1427 762 exemAEQhMGfaeffl

401 772 619 830 Qerna
636 778 789 812 versate
810 785 950 822 manu,
968 777 1123 811 versate
1140 768 1297 812 diurna.

723 830 774 837 ἥκω.
786 831 838 838 ..,,,,
849 830 994 838 ,ΠΝ-μην,
1000 828 1021 835 ,a
1027 826 1264 836 ...v-‚wm‘mw-u.

260 851 346 889 270

402 847 460 888 At
478 832 598 886 vestri
615 832 754 901 proavi
771 843 981 887 Plautinos
1000 852 1041 884 et
1061 857 1251 885 numeros
1267 828 1314 885 et

403 920 640 964 Laudavere
655 920 781 971 sales3
811 917 988 960 nimium
1007 917 1209 974 patienter
1226 925 1459 975 utrumque,

402 995 469 1038 Ne
490 994 626 1036 dicam
645 995 780 1046 stulte,
803 992 963 1044 mirati3
996 991 1030 1034 si
1050 991 1174 1034 modo
1192 1005 1271 1048 ego
1290 999 1332 1034 et
1349 1007 1420 1035 vos

404 1069 567 1111 Scimus
587 1068 834 1109 inurbanum
854 1066 991 1122 lepido
1009 1080 1204 1122 seponere
1223 1066 1349 1120 dicto,

402 1142 740 1199 Legitimumque
760 1156 906 1184 sonum
928 1140 1064 1196 digitis
1085 1141 1280 1182 callemus
1301 1148 1342 1182 et
1359 1155 1469 1190 aure.

263 1224 344 1262 275

406 1218 600 1273 Ignotum
620 1216 786 1272 tragicae
806 1230 935 1271 genus
950 1214 1151 1257 invenisse
1170 1214 1387 1258 Camoenae

402 1291 582 1343 Dicitur,
605 1298 648 1332 et
661 1290 847 1346 plaustris
866 1289 1020 1331 vexisse
1039 1294 1235 1345 poemata
1251 1289 1440 1346 Tbespis,

404 1365 512 1411 Quae
532 1371 726 1407 canerent
745 1372 993 1420 agerentque
1011 1363 1201 1420 peruncti
1220 1364 1390 1406 faecibus
1408 1379 1492 1408 ora.

231 1502 294 1529 265
321 1496 367 1528 Ut
381 1507 485 1528 omnes
509 1498 583 1528 MS.
597 1497 675 1529 Ach.
690 1497 769 1529 Stat.
790 1498 888 1528 Benel.
909 1495 987 1528 Cun-
1002 1507 1040 1527 an
1062 1506 1166 1527 omnes
1192 1497 1256 1527 edd.
1279 1500 1349 1527 vett.

691 1545 751 1575 272
767 1539 840 1570 Non
855 1540 931 1570 Ach.
946 1539 1026 1569 Stat.

443 1589 502 1619 277
521 1583 601 1623 Quae
615 1583 705 1614 etiam
720 1583 857 1614 Diomed.
873 1587 901 1613 et
915 1583 1029 1613 Donat.

276 1546 335 1575 271
355 1548 495 1582 utrosque
514 1541 592 1572 Can.

277 1583 358 1615 Cun.

276 1704 338 1732 264
355 1700 482 1740 Indigna
492 1712 506 1738 ‚·
528 1700 616 1730 nimis
627 1710 745 1741 magna,
759 1698 907 1742 pudenda.

275 1747 336 1776 265
352 1743 434 1774 Duae
447 1750 517 1774 sunt
530 1743 712 1783 objectiones
726 1754 752 1773 v.
769 1746 842 1773 263.
861 1750 892 1772 et
907 1746 980 1773 264.

232 1785 442 1828 Respondetur
474 1786 645 1824 universim,
673 1786 819 1820 Idci-rcmze
846 1795 979 1825 vager—

232 1829 377 1861 licenter?
398 1837 461 1859 tum
473 1828 509 1859 ad
530 1830 670 1871 priorem,
682 1834 718 1860 ut
731 1829 750 1859 i.
765 1839 793 1859 e.
808 1829 924 1859 etiamsi
939 1829 981 1859 ita

232 1873 309 1903 inter
323 1871 510 1903 scribendum
525 1872 664 1902 inducam
679 1872 824 1909 animum,
832 1879 867 1902 ut
877 1876 982 1914 putem

231 1925 331 1946 omnes
355 1915 469 1946 visuros
488 1920 608 1956 peccata
629 1925 717 1953 πκας
739 1914 777 1945 ad
799 1914 920 1945 alteram
943 1914 980 1945 de

231 1959 329 1996 venia,
354 1957 478 1988 Etiamsi
503 1962 584 1988 tutus
604 1957 700 1995 suem,
730 1965 761 1988 et
790 1957 832 1988 ibi
860 1967 980 1999 quoque

233 2005 349 2039 cautus,
363 2001 416 2031 ubi
439 2011 505 2042 spes
527 2001 621 2030 veniae
640 2008 685 2031 est
692 2015 700 2039 ς
723 2007 823 2031 tamen
848 2000 885 2030 ad
898 2012 980 2031 sum-

233 2051 318 2074 mum
345 2044 438 2074 vitavi
464 2045 583 2085 eulpam
612 2050 671 2074 etc.
716 2042 762 2074 Ut
787 2044 869 2074 intra
889 2045 981 2083 legem

233 2093 342 2124 eoenat,
366 2087 418 2127 qui
439 2086 539 2116 minus
557 2086 716 2127 impendit,
735 2097 824 2127 quam
848 2086 895 2116 lex
916 2097 982 2128 per·

233 2130 344 2160 mittit:
369 2129 409 2160 ita
430 2129 512 2160 intra
533 2140 550 2159 s
569 2139 615 2159 em
629 2130 723 2161 veniae
742 2133 847 2160 cautus
861 2134 915 2167 est,
930 2130 982 2170 qui

235 2182 295 2203 non
310 2173 410 2202 omnia
424 2172 481 2202 sibi
506 2173 538 2202 in
560 2172 652 2245 ulget,
666 2184 734 2214 quae
753 2182 869 2214 sperare
883 2179 983 2214 potest

233 2215 291 2246 sibi
305 2215 503 2246 condonatum
519 2215 563 2245 iri.
617 2237 624 2245 .

280 2258 387 2299 Vager,
402 2258 484 2288 nullo
493 2265 605 2288 servato
619 2257 745 2288 tramite.

279 2300 413 2332 Licenter
420 2313 434 2340 ,-
456 2308 490 2331 ut
505 2301 632 2343 impetus
646 2300 756 2331 tulerit.

278 2342 392 2375 Melius
416 2349 450 2374 ut
479 2342 521 2386 (h.
536 2354 564 2374 e.
586 2344 622 2384 si)
647 2344 742 2385 magis
760 2353 849 2385 quam
872 2353 925 2380 an,
946 2349 981 2374 ut

236 2386 313 2417 bene
327 2388 445 2418 monuit
459 2386 625 2417 Bentleius.

279 2433 341 2461 266
357 2431 452 2461 Tutus
462 2442 475 2468 ;
497 2429 613 2471 supple,
628 2426 709 2470 quod
723 2427 830 2458 fil‘erim
845 2435 938 2459 tutus.

280 2474 365 2503 Intra
379 2482 459 2515 spem
473 2474 579 2509 veniae,
593 2472 641 2503 cui
655 2482 715 2502 non
730 2479 776 2502 est
788 2471 825 2501 de
839 2471 925 2502 venia
932 2471 984 2502 de·

233 2516 422 2557 sperandum,
438 2523 472 2546 ut
485 2516 538 2557 qui
553 2514 629 2546 nihil
643 2515 757 2557 gravius
768 2514 881 2545 caeteris
891 2514 985 2544 admi-

234 2568 314 2589 senx.

280 2605 339 2637 267
361 2600 489 2639 Cannas,
503 2601 607 2643 supple
622 2601 757 2632 scribam.

242 2659 244 2661 ·
280 2645 437 2685 Deniq1ae;
459 2645 483 2674 si
497 2644 544 2674 vel
559 2643 631 2675 illud
653 2643 832 2685 praestitero:
856 2642 926 2684 quia
938 2652 984 2672 res

235 2698 346 2730 magna
359 2698 420 2717 non
434 2694 491 2725 est,
505 2698 560 2717 nec
573 2685 695 2717 Poetam
706 2684 844 2716 ostendit.

280 2734 343 2763 269
367 2731 523 2761 Nocturna
548 2735 680 2768 versate;
702 2727 822 2771 ἐναργῶς
836 2726 987 2758 assiduita-

236 2779 298 2804 tem
311 2774 459 2815 exprimit.
482 2771 520 2804 B.
563 2772 612 2803 Cf.
627 2772 703 2803 infra
713 2782 785 2802 vers.
801 2777 875 2803 323.
886 2781 951 2812 sqq.

281 2822 345 2852 270
360 2815 475 2847 Omnes
499 2815 639 2846 Lambini
663 2823 695 2846 et
716 2814 842 2856 Cruquii
861 2813 987 2845 Codices

236 2869 291 2902 pro
306 2860 398 2890 nostri
422 2859 558 2901 legerunt
579 2859 680 2897 vestri,
719 2868 789 2888 uam
813 2857 986 2899 scripturam

238 2909 271 2932 et
286 2900 434 2933 Victorius
449 2902 591 2944 probavit.
614 2901 652 2932 B.
725 2909 738 2931 t
751 2901 876 2931 omnino
897 2901 987 2931 vestri

237 2946 334 2986 magis
358 2945 510 2976 modestiae
526 2944 643 2975 Horatii
658 2945 807 2981 convenit,
821 2943 873 2985 qui
898 2953 930 2973 se
951 2943 987 2973 li-

236 2986 346 3019 bertini
354 2988 454 3020 filium
470 2988 562 3032 probe
574 2988 742 3020 meminisse
757 2987 842 3025 solet,
856 2993 888 3017 et
901 2996 988 3028 proa-

1434 1500 1496 1528 266
1520 1504 1551 1528 et
1571 1504 1651 1529 extra
1667 1497 1774 1531 [Δηώ.

1111 1543 1174 1574 276
1191 1548 1318 1570 vectasse
1327 1539 1426 1582 ponit,
1447 1545 1475 1571 et
1488 1551 1543 1582 per
1556 1539 1683 1572 Heuada
1697 1542 1774 1584 conj.

1021 1707 1074 1728 vos
1096 1697 1203 1729 Romae
1224 1708 1286 1729 non
1300 1697 1421 1730 habere.
1466 1698 1558 1734 Quod
1580 1708 1680 1732 autem
1701 1701 1774 1734 dicit

1023 1739 1207 1779 narduinus,
1221 1739 1303 1772 hunc
1325 1741 1425 1772 locum
1447 1751 1610 1784 repugnare
1624 1742 1683 1782 his,
1705 1755 1774 1786 quae

1043 1785 1187 1814 rixnitivus
1222 1784 1271 1815 ille
1310 1783 1452 1816 Horatius
1484 1784 1564 1816 dicat
1599 1786 1636 1817 de
1667 1785 1774 1819 Plauto

1023 1833 1438 1907 εεξειῗῒέὶὶῖἶιίὲ·(1ἰὲὲῑεῖοοῖ1ζὲὂ.
1449 1837 1534 1902 ,ἔξω
1556 1828 1642 1861 lum
1663 1829 1771 1863 falsum

1066 1914 1213 1944 Numeros
1227 1918 1255 1944 et
1265 1915 1361 1952 sulm,-
1384 1913 1486 1945 Mem
1499 1914 1634 1955 etjocos.

1065 1962 1103 1992 27
1113 1964 1125 1987 1
1145 1957 1294 1987 Ραείεπεεγ·
1301 1969 1315 1995 ;
1337 1957 1532 1999 negligenter.

1066 2004 1127 2035 274
1147 1999 1280 2039 Digitis;
1301 1999 1445 2051 levatione
1460 2008 1491 2031 et
1504 2001 1650 2041 positione
1665 2001 1775 2044 digito·

1022 2042 1419 2127 ξίωὲιὲΐᾱῖῗξυέὴίῗέ
1434 2049 1586 2128 ᾓηῖἷξέἕέ
1601 2053 1774 2126 ἶῗωῶἓῖἓί

1022 2126 1094 2158 dum
1106 2126 1207 2158 Merra
1217 2128 1426 2159 metiebantur.

1066 2176 1128 2206 275
1147 2171 1285 2210 Ignotum
1300 2171 1422 2211 tragicae
1429 2183 1443 2209 ,·
1465 2169 1651 2213 Praeceptum
1667 2173 1774 2213 vigesi-

1025 2224 1128 2263 mum:
1163 2214 1271 2255 saepius
1299 2213 1470 2256 corrigenda
1498 2224 1563 2245 esse
1593 2225 1661 2256 quoe
1682 2216 1776 2258 scrip·

1024 2266 1106 2287 sens.
1513 2269 1519 2273 ¹

1066 2303 1129 2335 276
1154 2298 1296 2329 pomata
1310 2297 1399 2329 modo
1413 2299 1486 2330 dicit
1498 2298 1614 2330 Choros
1635 2300 1773 2339 rusticos,

1022 2342 1082 2372 sive
1097 2341 1138 2372 Sa
1216 2363 1226 2378 ,
1240 2340 1390 2383 Figmate.

1066 2390 1126 2420 277
1139 2348 1301 2415 ffitleim
1315 2382 1423 2424 QmQh.
1438 2395 1466 2414 e.
1482 2383 1603 2416 Actor-es
1616 2386 1678 2427 qui.
1722 2383 1774 2428 Ig-

1024 2428 1141 2458 norasse
1163 2427 1278 2458 videtur
1292 2427 1334 2457 vir
1403 2437 1479 2457 onus
1497 2427 1661 2468 plaustrum
1682 2426 1774 2460 fuisse

1024 2469 1168 2512 Thespidi
1182 2480 1237 2512 pro
1247 2438 1483 2504 Secummffiuin
1498 2471 1612 2511 possint
1621 2471 1712 2502 etiam
1727 2482 1773 2502 re-

1027 2514 1116 2543 citata
1130 2511 1289 2555 Thespidis
1301 2511 1442 2543 Carmina
1465 2513 1523 2543 dici
1543 2512 1695 2552 Poemata,
1717 2515 1774 2546 etsi

1028 2556 1078 2586 illa
1108 2567 1261 2597 nunquam
1290 2554 1401 2586 fuerint
1419 2555 1537 2598 scripta.
1559 2555 1598 2587 Β.
1640 2555 1774 2588 Plaustra

1026 2598 1154 2641 Thespis
1170 2609 1230 2629 non
1249 2597 1396 2636 adhibuit,
1416 2606 1451 2629 ut
1464 2599 1501 2630 ab
1517 2610 1578 2630 una.
1591 2599 1664 2630 urbe
1679 2600 1712 2631 in
1732 2599 1776 2630 al-

1027 2649 1121 2672 teram
1143 2640 1263 2672 veheret
1284 2649 1408 2679 actores,
1428 2649 1464 2672 ut
1485 2641 1624 2673 tibicines
1648 2642 1692 2673 illi
1704 2642 1778 2673 vino>

1027 2685 1136 2727 sepulti
1156 2684 1236 2726 apud
1257 2683 1323 2715 Liv.
1350 2691 1380 2718 9.
1404 2690 1457 2716 30.
1480 2685 1617 2727 plaustris
1642 2684 1775 2716 translati

1029 2736 1119 2758 sunt:
1141 2728 1193 2758 sed
1209 2728 1319 2769 paravit
1332 2726 1389 2757 sibi
1404 2727 1436 2757 in
1449 2729 1550 2769 quavis
1563 2727 1636 2759 urbe
1653 2738 1774 2772 scenam

1029 2770 1257 2812 extemporalem
1271 2770 1308 2800 de
1330 2770 1465 2812 plaustris
1485 2770 1599 2813 aliquot
1611 2770 1775 2802 conductis.

1028 2813 1088 2844 His
1103 2815 1183 2845 vexit
1193 2814 1333 2855 poemata
1348 2813 1370 2843 i.
1386 2823 1414 2843 e.
1429 2813 1461 2843 in
1475 2812 1524 2844 his
1536 2814 1637 2845 docuit
1648 2813 1776 2856 Tragoe-

1029 2857 1102 2894 dias,
1127 2857 1222 2899 figura
1242 2855 1394 2898 jucunda:
1418 2856 1522 2898 quidni
1543 2857 1626 2888 enim
1646 2857 1715 2888 vehi
1731 2857 1777 2887 di-

1028 2907 1231 2974 3:2¹3&
1238 2899 1586 2984 {YSJQQff
1600 2898 1776 2974 stiffi}

1028 2985 1078 3020 alii
1098 2985 1170 3018 boni
1185 2985 1250 3024 viri,
1271 2996 1299 3016 v.
1313 2996 1344 3028 g.
1359 2992 1394 3016 ut
1406 2953 1651 3030 Arisdppffwr
1664 2986 1778 3018 decem
