1950 3626
239 330 296 376 xii
560 331 603 379 J.
646 332 710 382 M.
756 334 1053 381 GESNERI
1095 334 1458 383 PRAEFATIO.

239 458 581 511 Grammaticis
595 460 638 523 *,
665 447 767 513 tum
792 464 1033 526 Diomedi,
1061 465 1143 530 qui
1168 466 1411 517 Prisciano
1432 474 1560 516 certe
1577 474 1625 515 et
1649 473 1783 516 sexto

236 546 412 596 soeculo
433 554 596 597 nostro
617 557 693 597 est
712 548 964 614 antiquior,
989 549 1212 614 idemque
1230 551 1349 600 odas
1366 567 1532 600 omnes
1551 560 1706 615 poetae
1723 567 1783 600 eo

234 629 341 695 ipso
362 628 542 692 ordine,
563 648 661 696 quo
678 633 913 683 habentur
935 635 983 682 in
1007 634 1136 684 libris
1160 634 1348 697 nostrie,
1377 635 1623 685 recenset?
1659 635 1782 684 Poe·

233 703 334 764 tam
353 716 546 780 quidem
566 716 722 782 ipsum
744 717 895 781 primo
924 718 1070 768 libros
1094 727 1189 768 tres
1215 720 1492 780 carminum,
1515 719 1687 768 deinde
1710 719 1781 768 in-

232 800 431 849 tervallo
477 801 618 869 longo
653 802 933 868 interposito
974 812 1197 868 quartum
1245 804 1464 865 edidisse,
1504 812 1674 853 auctor
1706 812 1782 853 est

233 885 488 936 Suetonius
519 887 566 937 in
591 888 716 949 vita3
753 889 830 938 cui
859 888 927 939 rei
958 890 1098 954 plane
1127 889 1368 939 Sanadoni
1402 887 1671 938 institutum
1707 904 1780 937 rc·

232 979 427 1038 pugnat.

300 1055 395 1105 Sed
414 1072 572 1121 operae
595 1057 798 1122 pretium
817 1066 905 1119 est,
925 1060 972 1107 h.
995 1076 1038 1108 e.
1067 1058 1287 1108 studiosis
1313 1056 1518 1117 Horatii,
1536 1056 1618 1120 qui
1634 1056 1778 1106 Bent-

228 1139 437 1189 leianum
462 1141 709 1205 exemplar
732 1142 793 1191 ad
818 1158 986 1191 manus
1011 1159 1107 1191 non
1132 1144 1321 1201 habent,
1341 1142 1773 1203 accommodatum,

228 1224 342 1289 poni
367 1234 478 1290 post
501 1226 624 1274 hanc
644 1225 971 1289 praefationem
990 1226 1147 1274 locum
1168 1225 1404 1291 integrum
1421 1241 1481 1273 ex
1500 1225 1778 1288 praefatione

225 1307 314 1357 viri
339 1307 512 1375 magni,
539 1324 636 1372 quo
659 1316 878 1373 tempora
897 1308 1127 1358 librorum
1152 1308 1341 1358 Horatii
1361 1308 1575 1369 ordinat3
1603 1309 1664 1359 de
1677 1326 1776 1375 quo

225 1392 317 1442 hoc
338 1400 467 1442 certe
492 1391 776 1442 confirmare
809 1410 1019 1458 possum,
1047 1410 1140 1454 me,
1169 1394 1285 1442 dum
1315 1409 1543 1442 recenseo
1567 1391 1775 1460 singulas

226 1475 445 1544 Eclogas,
489 1475 735 1543 diligenter
771 1477 1040 1537 attendisse,
1081 1478 1121 1526 si
1163 1476 1278 1541 quid
1318 1486 1445 1526 esset
1486 1477 1775 1529 Bentleianis

223 1570 495 1628 temporum
527 1561 789 1611 rationibus
826 1561 1098 1622 adversum,
1125 1578 1214 1611 nec
1244 1561 1613 1626 deprehendisse
1635 1562 1775 1627 quid-

223 1663 386 1711 quam,
404 1646 535 1711 quod
553 1654 848 1696 momentum
868 1646 1062 1711 aliquod
1088 1647 1149 1696 ad
1165 1663 1272 1696 eam
1295 1648 1602 1696 evertendam
1626 1647 1773 1696 habe-

216 1717 310 1791 ret,
340 1730 453 1780 licet
470 1730 756 1795 quibusdam
781 1730 972 1799 Eclogis
996 1748 1091 1780 non
1115 1731 1417 1796 improbabili
1440 1731 1624 1780 ratione
1648 1731 1771 1781 forte

221 1824 414 1881 tempus
446 1814 592 1877 etiam
622 1815 764 1876 aliud,
797 1815 1032 1865 recentius
1065 1816 1341 1882 praesertim,
1371 1817 1519 1880 possit
1548 1817 1769 1866 adscribi.

222 1899 305 1950 De
329 1899 545 1949 saeculari
577 1899 785 1949 carmine
817 1917 905 1949 suo
939 1901 1048 1950 loco
1082 1901 1195 1950 satis
1219 1900 1413 1961 dictum,
1442 1910 1492 1950 et
1521 1902 1769 1952 laudatum

218 1982 457 2052 ingenium
481 1983 739 2034 Sanadoni.
814 1984 973 2035 Possit
991 1984 1160 2049 aliquis
1178 1985 1347 2035 drama
1369 1987 1499 2036 velut
1523 1989 1768 2052 quoddam

220 2085 315 2117 non
346 2067 564 2118 absimile
593 2078 846 2119 contexere
877 2087 935 2119 ex
973 2070 1043 2131 iis,
1077 2085 1186 2134 quae
1218 2070 1266 2119 in
1301 2069 1552 2120 Canidiam
1590 2073 1769 2138 scripta

219 2163 344 2216 sunt,
372 2154 410 2204 si
428 2156 600 2224 jungat
623 2156 772 2206 Serm.
809 2165 847 2207 l.
871 2164 915 2207 8.
957 2155 1114 2220 Epod.
1136 2163 1183 2207 5.
1211 2165 1261 2205 et
1282 2163 1354 2212 17.
1376 2156 1582 2221 denique
1598 2156 1764 2207 Carm.

227 2247 265 2290 l.
301 2241 375 2289 16.
403 2239 484 2304 qui
522 2240 623 2306 ipse
648 2241 767 2290 ordo
795 2257 855 2289 ex
880 2249 1161 2309 argumento
1184 2241 1377 2289 elucens
1406 2242 1601 2305 pulchre
1622 2242 1767 2293 Bent-

216 2322 421 2373 leianam
442 2324 503 2374 de
524 2326 819 2391 temporibus
840 2326 1126 2393 hypothesin
1147 2325 1413 2376 confirmat.

286 2408 414 2466 Quae
439 2396 595 2460 adhuc
629 2410 880 2475 disputavi,
908 2426 966 2459 ea
996 2411 1058 2460 ad
1089 2410 1221 2460 illam
1243 2411 1342 2460 fere
1372 2420 1557 2476 partem
1583 2412 1766 2461 consilii

217 2491 310 2541 mei
328 2493 579 2558 pertinent,
605 2495 736 2560 quod
756 2496 901 2545 statui
920 2511 1214 2556 conservare,
1236 2504 1470 2559 quantum
1495 2495 1544 2542 in
1570 2511 1648 2543 me
1671 2504 1761 2556 est,

267 2662 294 2689 ⁴*
325 2663 492 2715 Excipio
512 2663 639 2703 solum
657 2664 846 2705 Priscian.
864 2665 891 2704 i.
910 2670 972 2704 14.
986 2678 1025 2716 p.
1040 2666 1137 2712 997.
1153 2663 1254 2703 med.
1275 2662 1342 2701 ubi
1362 2662 1506 2701 citatur
1522 2663 1662 2703 Horat.
1681 2665 1721 2704 in
1740 2670 1758 2704 1

213 2732 303 2773 Car.
333 2733 476 2774 Ludere
507 2749 586 2775 cnm
615 2737 741 2776 vitulis
764 2737 894 2775 salicto
920 2735 1197 2788 Proegestientis
1210 2749 1225 2779 ;
1254 2734 1359 2786 quod
1389 2740 1447 2772 est
1473 2733 1566 2773 Car.
1590 2739 1628 2774 2.
1653 2739 1692 2774 5.
1720 2742 1761 2782 9.

215 2804 291 2844 Sed
311 2805 402 2845 licet
421 2808 476 2845 ita
494 2807 544 2846 sit
562 2808 681 2847 etiam
700 2809 740 2848 in
767 2807 948 2848 editionis
971 2806 1127 2846 Aldinae
1146 2814 1186 2844 et
1206 2804 1433 2844 Basileensis
1458 2805 1760 2858 exemplaribus,

214 2890 292 2917 non
307 2878 444 2918 dubito
462 2879 556 2931 quin
568 2880 747 2932 sphalma
764 2880 816 2919 sit
833 2879 889 2918 illi
910 2877 1036 2918 simile
1051 2877 1157 2930 quod
1175 2877 1201 2916 i.
1223 2874 1263 2916 6.
1281 2890 1319 2928 p.
1338 2873 1432 2922 689.
1449 2875 1549 2914 med.
1571 2882 1758 2929 tanquam

213 2962 264 2987 cx
286 2950 412 3002 primo
432 2950 577 2989 citatur
599 2964 728 2990 versus
750 2950 903 2990 Horatii
924 2950 1014 2990 Car.
1036 2953 1073 2989 2.
1097 2953 1159 2989 15.
1188 2953 1249 2988 14.
1305 2946 1425 2987 Nulla
1444 2947 1663 3000 decempedis
1680 2957 1758 2989 etc.

213 3020 317 3071 quod
340 3021 419 3073 ipse
435 3021 657 3061 Priscianus
671 3023 866 3071 emendat,
892 3022 958 3075 qui
979 3022 1005 3061 i.
1029 3027 1065 3062 8.
1080 3035 1119 3074 p.
1136 3025 1230 3068 794.
1246 3033 1305 3073 pr.
1326 3020 1463 3059 laudat
1477 3033 1526 3059 ex
1540 3021 1706 3061 secundo.
