<?xml version="1.0" encoding="UTF-8"?>
<!DOCTYPE html PUBLIC "-//W3C//DTD XHTML 1.0 Transitional//EN"
    "http://www.w3.org/TR/xhtml1/DTD/xhtml1-transitional.dtd">
<html xmlns="http://www.w3.org/1999/xhtml" xml:lang="en" lang="en">
 <head>
  <title>
</title>
<meta http-equiv="Content-Type" content="text/html;charset=utf-8" />
  <meta name='ocr-system' content='tesseract 3.04.00' />
  <meta name='ocr-capabilities' content='ocr_page ocr_carea ocr_par ocr_line ocrx_word'/>
</head>
<body>
  <div class='ocr_page' id='page_1' title='image "./eclogaeho00horauoft_0620.png"; bbox 0 0 1924 3458; ppageno 0'>
   <div class='ocr_carea' id='block_1_1' title="bbox 193 251 276 298">
    <p class='ocr_par' dir='ltr' id='par_1_1' title="bbox 193 251 276 298">
     <span class='ocr_line' id='line_1_1' title="bbox 193 251 276 298; baseline 0 -8"><span class='ocrx_word' id='word_1_1' title='bbox 193 251 276 298; x_wconf 68' lang='lat'>563</span> 
     </span>
    </p>
   </div>
   <div class='ocr_carea' id='block_1_2' title="bbox 635 251 1287 302">
    <p class='ocr_par' dir='ltr' id='par_1_2' title="bbox 635 251 1287 302">
     <span class='ocr_line' id='line_1_2' title="bbox 635 251 1287 302; baseline 0.006 -3"><span class='ocrx_word' id='word_1_2' title='bbox 635 251 690 299; x_wconf 86' lang='lat' dir='ltr'>Q.</span> <span class='ocrx_word' id='word_1_3' title='bbox 723 253 1011 299; x_wconf 90' lang='lat' dir='ltr'><strong>HORATII</strong></span> <span class='ocrx_word' id='word_1_4' title='bbox 1045 255 1287 302; x_wconf 82' lang='lat' dir='ltr'><strong>FLACCI</strong></span> 
     </span>
    </p>
   </div>
   <div class='ocr_carea' id='block_1_3' title="bbox 359 363 1431 580">
    <p class='ocr_par' dir='ltr' id='par_1_3' title="bbox 359 363 1431 580">
     <span class='ocr_line' id='line_1_3' title="bbox 365 363 1431 432; baseline 0.011 -26"><span class='ocrx_word' id='word_1_5' title='bbox 365 363 426 407; x_wconf 88' lang='lat' dir='ltr'>Et</span> <span class='ocrx_word' id='word_1_6' title='bbox 442 365 539 408; x_wconf 88' lang='lat' dir='ltr'>tulit</span> <span class='ocrx_word' id='word_1_7' title='bbox 557 367 768 425; x_wconf 90' lang='lat' dir='ltr'>eloquium</span> <span class='ocrx_word' id='word_1_8' title='bbox 787 370 997 415; x_wconf 84' lang='lat' dir='ltr'>insolitum</span> <span class='ocrx_word' id='word_1_9' title='bbox 1016 373 1207 417; x_wconf 84' lang='lat' dir='ltr'><strong>facundia</strong></span> <span class='ocrx_word' id='word_1_10' title='bbox 1225 388 1431 432; x_wconf 85' lang='lat' dir='ltr'>praeceps;</span> 
     </span>
     <span class='ocr_line' id='line_1_4' title="bbox 362 439 1313 502; baseline 0.011 -20"><span class='ocrx_word' id='word_1_11' title='bbox 362 439 623 499; x_wconf 86' lang='lat' dir='ltr'>Utiliumque</span> <span class='ocrx_word' id='word_1_12' title='bbox 642 459 766 500; x_wconf 83' lang='lat' dir='ltr'>sagax</span> <span class='ocrx_word' id='word_1_13' title='bbox 785 459 935 500; x_wconf 88' lang='lat' dir='ltr'>rerum,</span> <span class='ocrx_word' id='word_1_14' title='bbox 956 454 998 489; x_wconf 89' lang='lat' dir='ltr'>et</span> <span class='ocrx_word' id='word_1_15' title='bbox 1018 447 1154 490; x_wconf 91' lang='lat' dir='ltr'>divina</span> <span class='ocrx_word' id='word_1_16' title='bbox 1174 449 1313 502; x_wconf 89' lang='lat' dir='ltr'>futuri,</span> 
     </span>
     <span class='ocr_line' id='line_1_5' title="bbox 359 515 1344 580; baseline 0.008 -23"><span class='ocrx_word' id='word_1_17' title='bbox 359 515 570 573; x_wconf 85' lang='lat' dir='ltr'>Sortilegis</span> <span class='ocrx_word' id='word_1_18' title='bbox 591 532 675 561; x_wconf 89' lang='lat' dir='ltr'>non</span> <span class='ocrx_word' id='word_1_19' title='bbox 694 518 916 577; x_wconf 87' lang='lat' dir='ltr'>discrepuit</span> <span class='ocrx_word' id='word_1_20' title='bbox 934 522 1136 564; x_wconf 88' lang='lat' dir='ltr'>sententia</span> <span class='ocrx_word' id='word_1_21' title='bbox 1149 522 1344 580; x_wconf 79' lang='lat' dir='ltr'>Delphis,</span> 
     </span>
    </p>
   </div>
   <div class='ocr_carea' id='block_1_4' title="bbox 219 596 326 635">
    <p class='ocr_par' dir='ltr' id='par_1_4' title="bbox 219 596 326 635">
     <span class='ocr_line' id='line_1_6' title="bbox 219 596 326 635; baseline 0.037 -4"><span class='ocrx_word' id='word_1_22' title='bbox 219 596 326 635; x_wconf 85' lang='lat'>220.</span> 
     </span>
    </p>
   </div>
   <div class='ocr_carea' id='block_1_5' title="bbox 365 590 1424 650">
    <p class='ocr_par' dir='ltr' id='par_1_5' title="bbox 365 590 1424 650">
     <span class='ocr_line' id='line_1_7' title="bbox 365 590 1424 650; baseline 0.008 -18"><span class='ocrx_word' id='word_1_23' title='bbox 365 590 560 635; x_wconf 87' lang='lat' dir='ltr'>Carmine</span> <span class='ocrx_word' id='word_1_24' title='bbox 579 593 650 650; x_wconf 92' lang='lat' dir='ltr'>qui</span> <span class='ocrx_word' id='word_1_25' title='bbox 668 594 823 650; x_wconf 88' lang='lat' dir='ltr'>tragico</span> <span class='ocrx_word' id='word_1_26' title='bbox 842 595 966 638; x_wconf 91' lang='lat' dir='ltr'>vilem</span> <span class='ocrx_word' id='word_1_27' title='bbox 987 596 1154 639; x_wconf 90' lang='lat' dir='ltr'>certavit</span> <span class='ocrx_word' id='word_1_28' title='bbox 1174 599 1227 640; x_wconf 95' lang='lat' dir='ltr'>ob</span> <span class='ocrx_word' id='word_1_29' title='bbox 1247 597 1424 650; x_wconf 89' lang='lat' dir='ltr'>hircum,</span> 
     </span>
    </p>
   </div>
   <div class='ocr_carea' id='block_1_6' title="bbox 359 665 1443 948">
    <p class='ocr_par' dir='ltr' id='par_1_6' title="bbox 359 665 1443 948">
     <span class='ocr_line' id='line_1_8' title="bbox 359 665 1374 728; baseline 0.007 -21"><span class='ocrx_word' id='word_1_30' title='bbox 359 665 465 707; x_wconf 85' lang='lat' dir='ltr'>Mox</span> <span class='ocrx_word' id='word_1_31' title='bbox 484 666 608 709; x_wconf 88' lang='lat' dir='ltr'>etiam</span> <span class='ocrx_word' id='word_1_32' title='bbox 629 675 803 724; x_wconf 82' lang='lat' dir='ltr'>agrestes</span> <span class='ocrx_word' id='word_1_33' title='bbox 824 669 984 726; x_wconf 87' lang='lat' dir='ltr'>Satyros</span> <span class='ocrx_word' id='word_1_34' title='bbox 1004 671 1185 724; x_wconf 88' lang='lat' dir='ltr'>nudavit,</span> <span class='ocrx_word' id='word_1_35' title='bbox 1198 679 1240 713; x_wconf 93' lang='lat' dir='ltr'>et</span> <span class='ocrx_word' id='word_1_36' title='bbox 1255 687 1374 728; x_wconf 85' lang='lat' dir='ltr'>asper</span> 
     </span>
     <span class='ocr_line' id='line_1_9' title="bbox 360 739 1345 802; baseline 0.007 -21"><span class='ocrx_word' id='word_1_37' title='bbox 360 739 567 783; x_wconf 88' lang='lat' dir='ltr'>Incolumi</span> <span class='ocrx_word' id='word_1_38' title='bbox 586 742 781 797; x_wconf 88' lang='lat' dir='ltr'>gravitate</span> <span class='ocrx_word' id='word_1_39' title='bbox 795 740 940 799; x_wconf 90' lang='lat' dir='ltr'>jocum</span> <span class='ocrx_word' id='word_1_40' title='bbox 960 745 1144 797; x_wconf 87' lang='lat' dir='ltr'>tentavit,</span> <span class='ocrx_word' id='word_1_41' title='bbox 1164 760 1215 788; x_wconf 91' lang='lat' dir='ltr'>eo</span> <span class='ocrx_word' id='word_1_42' title='bbox 1234 747 1345 802; x_wconf 91' lang='lat' dir='ltr'>quod</span> 
     </span>
     <span class='ocr_line' id='line_1_10' title="bbox 359 812 1304 871; baseline 0.005 -15"><span class='ocrx_word' id='word_1_43' title='bbox 359 812 567 869; x_wconf 87' lang='lat' dir='ltr'>Illecebris</span> <span class='ocrx_word' id='word_1_44' title='bbox 588 823 673 857; x_wconf 87' lang='lat' dir='ltr'>erat</span> <span class='ocrx_word' id='word_1_45' title='bbox 692 822 733 857; x_wconf 90' lang='lat' dir='ltr'>et</span> <span class='ocrx_word' id='word_1_46' title='bbox 751 823 865 871; x_wconf 89' lang='lat' dir='ltr'>grata</span> <span class='ocrx_word' id='word_1_47' title='bbox 885 816 1063 859; x_wconf 86' lang='lat' dir='ltr'>novitate</span> <span class='ocrx_word' id='word_1_48' title='bbox 1084 819 1304 860; x_wconf 85' lang='lat' dir='ltr'>morandus</span> 
     </span>
     <span class='ocr_line' id='line_1_11' title="bbox 359 887 1443 948; baseline 0.005 -18"><span class='ocrx_word' id='word_1_49' title='bbox 359 887 586 944; x_wconf 87' lang='lat' dir='ltr'>Spectator,</span> <span class='ocrx_word' id='word_1_50' title='bbox 609 890 855 946; x_wconf 87' lang='lat' dir='ltr'>functusque</span> <span class='ocrx_word' id='word_1_51' title='bbox 876 891 1012 944; x_wconf 87' lang='lat' dir='ltr'>sacris,</span> <span class='ocrx_word' id='word_1_52' title='bbox 1033 898 1075 933; x_wconf 88' lang='lat' dir='ltr'>et</span> <span class='ocrx_word' id='word_1_53' title='bbox 1093 899 1226 948; x_wconf 89' lang='lat' dir='ltr'>potus,</span> <span class='ocrx_word' id='word_1_54' title='bbox 1250 898 1292 934; x_wconf 86' lang='lat' dir='ltr'>et</span> <span class='ocrx_word' id='word_1_55' title='bbox 1311 894 1443 936; x_wconf 85' lang='lat' dir='ltr'>exlex.</span> 
     </span>
    </p>
   </div>
   <div class='ocr_carea' id='block_1_7' title="bbox 358 961 1335 1016">
    <p class='ocr_par' dir='ltr' id='par_1_7' title="bbox 358 961 1335 1016">
     <span class='ocr_line' id='line_1_12' title="bbox 358 961 1335 1016; baseline 0.005 -13"><span class='ocrx_word' id='word_1_56' title='bbox 358 961 513 1004; x_wconf 89' lang='lat' dir='ltr'>Verum</span> <span class='ocrx_word' id='word_1_57' title='bbox 535 963 591 1004; x_wconf 90' lang='lat' dir='ltr'>ita</span> <span class='ocrx_word' id='word_1_58' title='bbox 611 963 766 1016; x_wconf 91' lang='lat' dir='ltr'>risores,</span> <span class='ocrx_word' id='word_1_59' title='bbox 787 964 843 1006; x_wconf 87' lang='lat' dir='ltr'>ita</span> <span class='ocrx_word' id='word_1_60' title='bbox 863 966 1154 1010; x_wconf 86' lang='lat' dir='ltr'>commendare</span> <span class='ocrx_word' id='word_1_61' title='bbox 1175 966 1335 1008; x_wconf 87' lang='lat' dir='ltr'>dicaces</span> 
     </span>
    </p>
   </div>
   <div class='ocr_carea' id='block_1_8' title="bbox 349 1035 1517 1317">
    <p class='ocr_par' dir='ltr' id='par_1_8' title="bbox 359 1035 1299 1094">
     <span class='ocr_line' id='line_1_13' title="bbox 359 1035 1299 1094; baseline 0.009 -18"><span class='ocrx_word' id='word_1_62' title='bbox 359 1035 587 1078; x_wconf 90' lang='lat' dir='ltr'>Conveniet</span> <span class='ocrx_word' id='word_1_63' title='bbox 606 1037 781 1094; x_wconf 86' lang='lat' dir='ltr'>Satyros,</span> <span class='ocrx_word' id='word_1_64' title='bbox 806 1037 862 1080; x_wconf 89' lang='lat' dir='ltr'>ita</span> <span class='ocrx_word' id='word_1_65' title='bbox 882 1046 1035 1082; x_wconf 89' lang='lat' dir='ltr'>vertere</span> <span class='ocrx_word' id='word_1_66' title='bbox 1054 1039 1158 1082; x_wconf 91' lang='lat' dir='ltr'>seria</span> <span class='ocrx_word' id='word_1_67' title='bbox 1177 1041 1299 1094; x_wconf 84' lang='lat' dir='ltr'>lud03</span> 
     </span>
    </p>

    <p class='ocr_par' dir='ltr' id='par_1_9' title="bbox 353 1109 1517 1245">
     <span class='ocr_line' id='line_1_14' title="bbox 355 1109 1517 1170; baseline 0.009 -20"><span class='ocrx_word' id='word_1_68' title='bbox 355 1109 421 1150; x_wconf 92' lang='lat' dir='ltr'>Ne</span> <span class='ocrx_word' id='word_1_69' title='bbox 442 1110 677 1167; x_wconf 86' lang='lat' dir='ltr'>quicunque</span> <span class='ocrx_word' id='word_1_70' title='bbox 697 1111 810 1165; x_wconf 91' lang='lat' dir='ltr'>deus,</span> <span class='ocrx_word' id='word_1_71' title='bbox 834 1112 1069 1170; x_wconf 89' lang='lat' dir='ltr'>quicunque</span> <span class='ocrx_word' id='word_1_72' title='bbox 1089 1115 1349 1158; x_wconf 84' lang='lat' dir='ltr'>adhibebitur</span> <span class='ocrx_word' id='word_1_73' title='bbox 1366 1117 1517 1170; x_wconf 68' lang='lat' dir='ltr'>heros,</span> 
     </span>
     <span class='ocr_line' id='line_1_15' title="bbox 353 1183 1289 1245; baseline 0.007 -20"><span class='ocrx_word' id='word_1_74' title='bbox 353 1183 499 1239; x_wconf 85' lang='lat' dir='ltr'>Regali</span> <span class='ocrx_word' id='word_1_75' title='bbox 521 1194 761 1242; x_wconf 90' lang='lat' dir='ltr'>conspectus</span> <span class='ocrx_word' id='word_1_76' title='bbox 782 1186 825 1229; x_wconf 91' lang='lat' dir='ltr'>in</span> <span class='ocrx_word' id='word_1_77' title='bbox 841 1202 941 1229; x_wconf 87' lang='lat' dir='ltr'>auro</span> <span class='ocrx_word' id='word_1_78' title='bbox 961 1203 1092 1245; x_wconf 92' lang='lat' dir='ltr'>nuper</span> <span class='ocrx_word' id='word_1_79' title='bbox 1110 1197 1152 1232; x_wconf 93' lang='lat' dir='ltr'>et</span> <span class='ocrx_word' id='word_1_80' title='bbox 1167 1196 1289 1243; x_wconf 90' lang='lat' dir='ltr'>ostro,</span> 
     </span>
    </p>

    <p class='ocr_par' dir='ltr' id='par_1_10' title="bbox 349 1258 1379 1317">
     <span class='ocr_line' id='line_1_16' title="bbox 349 1258 1379 1317; baseline 0.007 -17"><span class='ocrx_word' id='word_1_81' title='bbox 349 1258 506 1315; x_wconf 89' lang='lat' dir='ltr'>Migret</span> <span class='ocrx_word' id='word_1_82' title='bbox 525 1259 569 1302; x_wconf 88' lang='lat' dir='ltr'>in</span> <span class='ocrx_word' id='word_1_83' title='bbox 588 1261 776 1302; x_wconf 86' lang='lat' dir='ltr'>obscuras</span> <span class='ocrx_word' id='word_1_84' title='bbox 797 1261 945 1303; x_wconf 91' lang='lat' dir='ltr'>humili</span> <span class='ocrx_word' id='word_1_85' title='bbox 965 1277 1152 1305; x_wconf 87' lang='lat' dir='ltr'>sermone</span> <span class='ocrx_word' id='word_1_86' title='bbox 1168 1265 1379 1317; x_wconf 84' lang='lat' dir='ltr'>tabernas3</span> 
     </span>
    </p>
   </div>
   <div class='ocr_carea' id='block_1_9' title="bbox 209 1340 295 1378">
    <p class='ocr_par' dir='ltr' id='par_1_11' title="bbox 209 1340 295 1378">
     <span class='ocr_line' id='line_1_17' title="bbox 209 1340 295 1378; baseline -0.012 0"><span class='ocrx_word' id='word_1_87' title='bbox 209 1340 295 1378; x_wconf 82' lang='lat'>230</span> 
     </span>
    </p>
   </div>
   <div class='ocr_carea' id='block_1_10' title="bbox 352 1335 1448 1402">
    <p class='ocr_par' dir='ltr' id='par_1_12' title="bbox 352 1335 1448 1402">
     <span class='ocr_line' id='line_1_18' title="bbox 352 1335 1448 1402; baseline 0.006 -26"><span class='ocrx_word' id='word_1_88' title='bbox 352 1335 450 1388; x_wconf 90' lang='lat' dir='ltr'>Aut,</span> <span class='ocrx_word' id='word_1_89' title='bbox 475 1335 576 1377; x_wconf 89' lang='lat' dir='ltr'>dum</span> <span class='ocrx_word' id='word_1_90' title='bbox 595 1335 696 1378; x_wconf 91' lang='lat' dir='ltr'>vitat</span> <span class='ocrx_word' id='word_1_91' title='bbox 713 1336 903 1390; x_wconf 91' lang='lat' dir='ltr'>humum,</span> <span class='ocrx_word' id='word_1_92' title='bbox 929 1338 1057 1380; x_wconf 90' lang='lat' dir='ltr'>nubes</span> <span class='ocrx_word' id='word_1_93' title='bbox 1079 1346 1120 1380; x_wconf 92' lang='lat' dir='ltr'>et</span> <span class='ocrx_word' id='word_1_94' title='bbox 1140 1339 1279 1382; x_wconf 88' lang='lat' dir='ltr'>inania</span> <span class='ocrx_word' id='word_1_95' title='bbox 1299 1348 1448 1402; x_wconf 45' lang='lat'>0323&amp;</span> 
     </span>
    </p>
   </div>
   <div class='ocr_carea' id='block_1_11' title="bbox 936 1392 1313 1409">
    <p class='ocr_par' dir='ltr' id='par_1_13' title="bbox 936 1392 1313 1409">
     <span class='ocr_line' id='line_1_19' title="bbox 936 1392 1313 1409; baseline 0 2049"><span class='ocrx_word' id='word_1_96' title='bbox 936 1392 1313 1409; x_wconf 95' lang='lat' dir='ltr'> </span> 
     </span>
    </p>
   </div>
   <div class='ocr_carea' id='block_1_12' title="bbox 351 1399 1428 1689">
    <p class='ocr_par' dir='ltr' id='par_1_14' title="bbox 352 1399 1236 1468">
     <span class='ocr_line' id='line_1_20' title="bbox 352 1399 1236 1468; baseline 0.006 -17"><span class='ocrx_word' id='word_1_97' title='bbox 352 1408 531 1452; x_wconf 84' lang='lat' dir='ltr'>Effutire</span> <span class='ocrx_word' id='word_1_98' title='bbox 551 1411 658 1452; x_wconf 87' lang='lat' dir='ltr'>leves</span> <span class='ocrx_word' id='word_1_99' title='bbox 679 1409 850 1467; x_wconf 87' lang='lat' dir='ltr'>indigna</span> <span class='ocrx_word' id='word_1_100' title='bbox 868 1399 1068 1468; x_wconf 76' lang='lat' dir='ltr'>tragoedia</span> <span class='ocrx_word' id='word_1_101' title='bbox 1086 1428 1236 1468; x_wconf 88' lang='lat' dir='ltr'>versus,</span> 
     </span>
    </p>

    <p class='ocr_par' dir='ltr' id='par_1_15' title="bbox 351 1484 1428 1689">
     <span class='ocr_line' id='line_1_21' title="bbox 351 1484 1223 1543; baseline 0.006 -18"><span class='ocrx_word' id='word_1_102' title='bbox 351 1484 411 1526; x_wconf 91' lang='lat' dir='ltr'>Ut</span> <span class='ocrx_word' id='word_1_103' title='bbox 430 1484 540 1526; x_wconf 87' lang='lat' dir='ltr'>festis</span> <span class='ocrx_word' id='word_1_104' title='bbox 560 1492 749 1527; x_wconf 87' lang='lat' dir='ltr'>matrona</span> <span class='ocrx_word' id='word_1_105' title='bbox 768 1485 923 1529; x_wconf 83' lang='lat' dir='ltr'>moveri</span> <span class='ocrx_word' id='word_1_106' title='bbox 937 1484 1048 1543; x_wconf 87' lang='lat' dir='ltr'>jussa</span> <span class='ocrx_word' id='word_1_107' title='bbox 1068 1488 1223 1541; x_wconf 83' lang='lat' dir='ltr'>diebus,</span> 
     </span>
     <span class='ocr_line' id='line_1_22' title="bbox 351 1557 1378 1619; baseline 0.007 -21"><span class='ocrx_word' id='word_1_108' title='bbox 351 1557 541 1600; x_wconf 89' lang='lat' dir='ltr'>Intererit</span> <span class='ocrx_word' id='word_1_109' title='bbox 561 1559 711 1616; x_wconf 84' lang='lat' dir='ltr'>Satyris</span> <span class='ocrx_word' id='word_1_110' title='bbox 727 1562 897 1616; x_wconf 88' lang='lat' dir='ltr'>paulum</span> <span class='ocrx_word' id='word_1_111' title='bbox 912 1561 1152 1617; x_wconf 90' lang='lat' dir='ltr'>pudibunda</span> <span class='ocrx_word' id='word_1_112' title='bbox 1170 1564 1378 1619; x_wconf 87' lang='lat' dir='ltr'>protervis.</span> 
     </span>
     <span class='ocr_line' id='line_1_23' title="bbox 351 1632 1428 1689; baseline 0.005 -14"><span class='ocrx_word' id='word_1_113' title='bbox 351 1634 453 1676; x_wconf 93' lang='lat' dir='ltr'>Non</span> <span class='ocrx_word' id='word_1_114' title='bbox 473 1647 551 1689; x_wconf 86' lang='lat' dir='ltr'>ego</span> <span class='ocrx_word' id='word_1_115' title='bbox 571 1632 757 1676; x_wconf 89' lang='lat' dir='ltr'>inornata</span> <span class='ocrx_word' id='word_1_116' title='bbox 773 1642 814 1676; x_wconf 89' lang='lat' dir='ltr'>et</span> <span class='ocrx_word' id='word_1_117' title='bbox 834 1634 1088 1677; x_wconf 87' lang='lat' dir='ltr'>dominantia</span> <span class='ocrx_word' id='word_1_118' title='bbox 1108 1636 1277 1679; x_wconf 87' lang='lat' dir='ltr'>nomina</span> <span class='ocrx_word' id='word_1_119' title='bbox 1295 1639 1428 1680; x_wconf 88' lang='lat' dir='ltr'>solum</span> 
     </span>
    </p>
   </div>
   <div class='ocr_carea' id='block_1_13' title="bbox 469 1770 764 1802">
    <p class='ocr_par' dir='ltr' id='par_1_16' title="bbox 469 1770 764 1802">
     <span class='ocr_line' id='line_1_24' title="bbox 469 1770 764 1802; baseline 0.007 -2"><span class='ocrx_word' id='word_1_120' title='bbox 469 1775 532 1801; x_wconf 85' lang='grc'>220</span> <span class='ocrx_word' id='word_1_121' title='bbox 547 1770 674 1801; x_wconf 83' lang='lat' dir='ltr'>cantavit</span> <span class='ocrx_word' id='word_1_122' title='bbox 688 1770 764 1802; x_wconf 72' lang='lat' dir='ltr'>Sax-</span> 
     </span>
    </p>
   </div>
   <div class='ocr_carea' id='block_1_14' title="bbox 166 1886 930 3003">
    <p class='ocr_par' dir='ltr' id='par_1_17' title="bbox 177 1886 925 1973">
     <span class='ocr_line' id='line_1_25' title="bbox 238 1886 925 1928; baseline 0.006 -12"><span class='ocrx_word' id='word_1_123' title='bbox 238 1891 298 1922; x_wconf 82' lang='grc'><strong>217</strong></span> <span class='ocrx_word' id='word_1_124' title='bbox 327 1886 492 1927; x_wconf 81' lang='lat' dir='ltr'>Eloquium</span> <span class='ocrx_word' id='word_1_125' title='bbox 520 1888 671 1920; x_wconf 76' lang='lat' dir='ltr'>insolitum</span> <span class='ocrx_word' id='word_1_126' title='bbox 679 1901 694 1928; x_wconf 90' lang='lat'><em>;</em></span> <span class='ocrx_word' id='word_1_127' title='bbox 726 1887 925 1920; x_wconf 80' lang='lat' dir='ltr'>Prolationem</span> 
     </span>
     <span class='ocr_line' id='line_1_26' title="bbox 177 1927 913 1973; baseline 0.007 -14"><span class='ocrx_word' id='word_1_128' title='bbox 177 1927 342 1960; x_wconf 77' lang='lat' dir='ltr'>affectatam</span> <span class='ocrx_word' id='word_1_129' title='bbox 358 1938 387 1960; x_wconf 91' lang='lat' dir='ltr'>et</span> <span class='ocrx_word' id='word_1_130' title='bbox 399 1929 541 1962; x_wconf 82' lang='lat' dir='ltr'>inflatam.</span> <span class='ocrx_word' id='word_1_131' title='bbox 911 1971 913 1973; x_wconf 21' lang='grc' dir='ltr'><strong><em>ι</em></strong></span> 
     </span>
    </p>

    <p class='ocr_par' dir='ltr' id='par_1_18' title="bbox 168 1972 929 2133">
     <span class='ocr_line' id='line_1_27' title="bbox 220 1972 927 2017; baseline 0.006 -15"><span class='ocrx_word' id='word_1_132' title='bbox 220 1972 356 2015; x_wconf 72' lang='lat' dir='ltr'>Praeceps</span> <span class='ocrx_word' id='word_1_133' title='bbox 366 1985 379 2012; x_wconf 89' lang='lat'><em>;</em></span> <span class='ocrx_word' id='word_1_134' title='bbox 401 1973 505 2005; x_wconf 82' lang='lat' dir='ltr'>audax.</span> <span class='ocrx_word' id='word_1_135' title='bbox 527 1973 566 2005; x_wconf 87' lang='lat' dir='ltr'>B.</span> <span class='ocrx_word' id='word_1_136' title='bbox 610 1973 690 2006; x_wconf 87' lang='lat' dir='ltr'>Cum</span> <span class='ocrx_word' id='word_1_137' title='bbox 709 1976 842 2017; x_wconf 68' lang='lat' dir='ltr'>periculo</span> <span class='ocrx_word' id='word_1_138' title='bbox 856 1986 927 2006; x_wconf 88' lang='lat' dir='ltr'>con-</span> 
     </span>
     <span class='ocr_line' id='line_1_28' title="bbox 168 2014 928 2062; baseline 0.008 -18"><span class='ocrx_word' id='word_1_139' title='bbox 168 2014 285 2056; x_wconf 84' lang='lat' dir='ltr'>juncta,</span> <span class='ocrx_word' id='word_1_140' title='bbox 308 2023 342 2046; x_wconf 92' lang='lat' dir='ltr'>ut</span> <span class='ocrx_word' id='word_1_141' title='bbox 356 2015 431 2046; x_wconf 90' lang='lat' dir='ltr'>solet</span> <span class='ocrx_word' id='word_1_142' title='bbox 449 2016 545 2047; x_wconf 87' lang='lat' dir='ltr'>dicere</span> <span class='ocrx_word' id='word_1_143' title='bbox 567 2016 689 2056; x_wconf 82' lang='lat' dir='ltr'>Fabius,</span> <span class='ocrx_word' id='word_1_144' title='bbox 712 2019 928 2062; x_wconf 62' lang='grc' dir='ltr'>παρακεκινδυν-</span> 
     </span>
     <span class='ocr_line' id='line_1_29' title="bbox 176 2057 929 2104; baseline 0.005 -15"><span class='ocrx_word' id='word_1_145' title='bbox 176 2057 290 2098; x_wconf 77' lang='grc' dir='ltr'><strong><em>ευμένη.</em></strong></span> <span class='ocrx_word' id='word_1_146' title='bbox 332 2058 404 2090; x_wconf 80' lang='lat' dir='ltr'>Alta</span> <span class='ocrx_word' id='word_1_147' title='bbox 424 2066 456 2089; x_wconf 85' lang='lat' dir='ltr'>et</span> <span class='ocrx_word' id='word_1_148' title='bbox 478 2060 618 2091; x_wconf 84' lang='lat' dir='ltr'>sublimia</span> <span class='ocrx_word' id='word_1_149' title='bbox 642 2059 693 2092; x_wconf 89' lang='lat' dir='ltr'>hic</span> <span class='ocrx_word' id='word_1_150' title='bbox 705 2062 796 2093; x_wconf 83' lang='lat' dir='ltr'>etiam</span> <span class='ocrx_word' id='word_1_151' title='bbox 823 2073 929 2104; x_wconf 89' lang='lat' dir='ltr'>parum</span> 
     </span>
     <span class='ocr_line' id='line_1_30' title="bbox 173 2101 312 2133; baseline 0.007 -1"><span class='ocrx_word' id='word_1_152' title='bbox 173 2108 249 2133; x_wconf 84' lang='lat' dir='ltr'>tuta.</span> <span class='ocrx_word' id='word_1_153' title='bbox 271 2101 312 2133; x_wconf 90' lang='lat' dir='ltr'>G.</span> 
     </span>
    </p>

    <p class='ocr_par' dir='ltr' id='par_1_19' title="bbox 171 2144 930 2305">
     <span class='ocr_line' id='line_1_31' title="bbox 219 2144 930 2188; baseline 0.006 -13"><span class='ocrx_word' id='word_1_154' title='bbox 219 2151 281 2175; x_wconf 82' lang='lat'>218</span> <span class='ocrx_word' id='word_1_155' title='bbox 307 2144 423 2175; x_wconf 83' lang='lat' dir='ltr'>Divina</span> <span class='ocrx_word' id='word_1_156' title='bbox 431 2157 444 2184; x_wconf 90' lang='lat'><em>;</em></span> <span class='ocrx_word' id='word_1_157' title='bbox 465 2156 568 2188; x_wconf 82' lang='lat' dir='ltr'>gnara,</span> <span class='ocrx_word' id='word_1_158' title='bbox 592 2145 738 2188; x_wconf 85' lang='lat' dir='ltr'>prudens:</span> <span class='ocrx_word' id='word_1_159' title='bbox 761 2158 830 2178; x_wconf 88' lang='lat' dir='ltr'>nam</span> <span class='ocrx_word' id='word_1_160' title='bbox 853 2148 930 2188; x_wconf 82' lang='lat' dir='ltr'>ejus-</span> 
     </span>
     <span class='ocr_line' id='line_1_32' title="bbox 175 2186 929 2232; baseline 0.007 -15"><span class='ocrx_word' id='word_1_161' title='bbox 175 2186 257 2218; x_wconf 89' lang='lat' dir='ltr'>modi</span> <span class='ocrx_word' id='word_1_162' title='bbox 271 2198 335 2218; x_wconf 85' lang='lat' dir='ltr'>esse</span> <span class='ocrx_word' id='word_1_163' title='bbox 349 2187 470 2226; x_wconf 82' lang='lat' dir='ltr'>debuit3</span> <span class='ocrx_word' id='word_1_164' title='bbox 494 2188 584 2219; x_wconf 90' lang='lat' dir='ltr'>modo</span> <span class='ocrx_word' id='word_1_165' title='bbox 594 2197 694 2220; x_wconf 85' lang='lat' dir='ltr'>autem</span> <span class='ocrx_word' id='word_1_166' title='bbox 710 2190 860 2232; x_wconf 84' lang='lat' dir='ltr'>ambigua,</span> <span class='ocrx_word' id='word_1_167' title='bbox 883 2191 929 2222; x_wconf 91' lang='lat' dir='ltr'>in-</span> 
     </span>
     <span class='ocr_line' id='line_1_33' title="bbox 173 2231 929 2271; baseline 0.008 -11"><span class='ocrx_word' id='word_1_168' title='bbox 173 2237 254 2260; x_wconf 86' lang='lat' dir='ltr'>certa</span> <span class='ocrx_word' id='word_1_169' title='bbox 267 2238 297 2261; x_wconf 85' lang='lat' dir='ltr'>et</span> <span class='ocrx_word' id='word_1_170' title='bbox 311 2231 380 2261; x_wconf 80' lang='lat' dir='ltr'>vitae</span> <span class='ocrx_word' id='word_1_171' title='bbox 394 2231 506 2262; x_wconf 83' lang='lat' dir='ltr'>inutilis</span> <span class='ocrx_word' id='word_1_172' title='bbox 519 2231 656 2271; x_wconf 81' lang='lat' dir='ltr'>efficitur,</span> <span class='ocrx_word' id='word_1_173' title='bbox 667 2232 706 2264; x_wconf 94' lang='lat' dir='ltr'>ob</span> <span class='ocrx_word' id='word_1_174' title='bbox 718 2244 835 2265; x_wconf 84' lang='lat' dir='ltr'>morum</span> <span class='ocrx_word' id='word_1_175' title='bbox 850 2234 929 2266; x_wconf 87' lang='lat' dir='ltr'>scili-</span> 
     </span>
     <span class='ocr_line' id='line_1_34' title="bbox 171 2280 426 2305; baseline 0.008 -2"><span class='ocrx_word' id='word_1_176' title='bbox 171 2280 220 2304; x_wconf 90' lang='lat' dir='ltr'>cet</span> <span class='ocrx_word' id='word_1_177' title='bbox 231 2280 426 2305; x_wconf 85' lang='lat' dir='ltr'>contemtum.</span> 
     </span>
    </p>

    <p class='ocr_par' dir='ltr' id='par_1_20' title="bbox 174 2312 928 2404">
     <span class='ocr_line' id='line_1_35' title="bbox 218 2312 928 2362; baseline 0.006 -15"><span class='ocrx_word' id='word_1_178' title='bbox 218 2323 282 2347; x_wconf 90' lang='grc'>220</span> <span class='ocrx_word' id='word_1_179' title='bbox 299 2316 440 2348; x_wconf 83' lang='lat' dir='ltr'>Carmine</span> <span class='ocrx_word' id='word_1_180' title='bbox 452 2312 506 2359; x_wconf 55' lang='lat' dir='ltr'>*qui</span> <span class='ocrx_word' id='word_1_181' title='bbox 521 2318 632 2358; x_wconf 75' lang='lat' dir='ltr'>tragico</span> <span class='ocrx_word' id='word_1_182' title='bbox 642 2330 656 2357; x_wconf 91' lang='lat'><em>;</em></span> <span class='ocrx_word' id='word_1_183' title='bbox 678 2317 865 2362; x_wconf 76' lang='lat' dir='ltr'>Praeceptum</span> <span class='ocrx_word' id='word_1_184' title='bbox 876 2319 928 2351; x_wconf 88' lang='lat' dir='ltr'>de·</span> 
     </span>
     <span class='ocr_line' id='line_1_36' title="bbox 174 2359 826 2404; baseline 0.008 -15"><span class='ocrx_word' id='word_1_185' title='bbox 174 2359 285 2390; x_wconf 83' lang='lat' dir='ltr'>cimum</span> <span class='ocrx_word' id='word_1_186' title='bbox 301 2367 451 2398; x_wconf 80' lang='lat' dir='ltr'>octavum,</span> <span class='ocrx_word' id='word_1_187' title='bbox 466 2359 517 2392; x_wconf 89' lang='lat' dir='ltr'>De</span> <span class='ocrx_word' id='word_1_188' title='bbox 527 2359 672 2392; x_wconf 79' lang='lat' dir='ltr'>Dramate</span> <span class='ocrx_word' id='word_1_189' title='bbox 683 2360 826 2404; x_wconf 82' lang='lat' dir='ltr'>Satyrico.</span> 
     </span>
    </p>

    <p class='ocr_par' dir='ltr' id='par_1_21' title="bbox 171 2402 926 2618">
     <span class='ocr_line' id='line_1_37' title="bbox 219 2402 925 2448; baseline 0.004 -14"><span class='ocrx_word' id='word_1_190' title='bbox 219 2402 264 2434; x_wconf 75' lang='lat' dir='ltr'>Ol&gt;</span> <span class='ocrx_word' id='word_1_191' title='bbox 279 2403 393 2435; x_wconf 81' lang='lat' dir='ltr'>hircum</span> <span class='ocrx_word' id='word_1_192' title='bbox 403 2415 417 2443; x_wconf 89' lang='lat'><em>;</em></span> <span class='ocrx_word' id='word_1_193' title='bbox 439 2404 540 2435; x_wconf 87' lang='lat' dir='ltr'>victori</span> <span class='ocrx_word' id='word_1_194' title='bbox 551 2403 675 2436; x_wconf 83' lang='lat' dir='ltr'>dabatur</span> <span class='ocrx_word' id='word_1_195' title='bbox 687 2403 799 2444; x_wconf 86' lang='lat' dir='ltr'>hircus,</span> <span class='ocrx_word' id='word_1_196' title='bbox 819 2407 871 2448; x_wconf 89' lang='lat' dir='ltr'>qui</span> <span class='ocrx_word' id='word_1_197' title='bbox 885 2406 925 2437; x_wconf 95' lang='lat' dir='ltr'>ob</span> 
     </span>
     <span class='ocr_line' id='line_1_38' title="bbox 171 2444 924 2482; baseline 0.007 -7"><span class='ocrx_word' id='word_1_198' title='bbox 171 2444 273 2476; x_wconf 84' lang='lat' dir='ltr'>laesam</span> <span class='ocrx_word' id='word_1_199' title='bbox 300 2446 388 2477; x_wconf 88' lang='lat' dir='ltr'>vitem</span> <span class='ocrx_word' id='word_1_200' title='bbox 411 2445 535 2478; x_wconf 84' lang='lat' dir='ltr'>Baccho</span> <span class='ocrx_word' id='word_1_201' title='bbox 560 2446 669 2479; x_wconf 84' lang='lat' dir='ltr'>deinde</span> <span class='ocrx_word' id='word_1_202' title='bbox 698 2449 924 2482; x_wconf 76' lang='lat' dir='ltr'>immolabatur:</span> 
     </span>
     <span class='ocr_line' id='line_1_39' title="bbox 172 2486 926 2534; baseline 0.008 -16"><span class='ocrx_word' id='word_1_203' title='bbox 172 2486 274 2527; x_wconf 32' lang='lat' dir='ltr'>hircus·</span> <span class='ocrx_word' id='word_1_204' title='bbox 293 2498 406 2527; x_wconf 81' lang='lat' dir='ltr'>autem,</span> <span class='ocrx_word' id='word_1_205' title='bbox 421 2490 535 2521; x_wconf 85' lang='lat' dir='ltr'>Graecis</span> <span class='ocrx_word' id='word_1_206' title='bbox 556 2493 673 2534; x_wconf 61' lang='grc' dir='ltr'>τράγος,</span> <span class='ocrx_word' id='word_1_207' title='bbox 686 2491 855 2534; x_wconf 81' lang='lat' dir='ltr'>Tragoediae</span> <span class='ocrx_word' id='word_1_208' title='bbox 870 2503 926 2523; x_wconf 90' lang='lat' dir='ltr'>no-</span> 
     </span>
     <span class='ocr_line' id='line_1_40' title="bbox 172 2531 923 2578; baseline 0.007 -16"><span class='ocrx_word' id='word_1_209' title='bbox 172 2541 242 2562; x_wconf 87' lang='lat' dir='ltr'>men</span> <span class='ocrx_word' id='word_1_210' title='bbox 254 2531 345 2564; x_wconf 85' lang='lat' dir='ltr'>dedit.</span> <span class='ocrx_word' id='word_1_211' title='bbox 383 2533 422 2574; x_wconf 77' lang='lat'>[†</span> <span class='ocrx_word' id='word_1_212' title='bbox 437 2533 495 2565; x_wconf 87' lang='lat' dir='ltr'>vid.</span> <span class='ocrx_word' id='word_1_213' title='bbox 511 2532 618 2576; x_wconf 86' lang='lat' dir='ltr'>Heyne</span> <span class='ocrx_word' id='word_1_214' title='bbox 629 2533 758 2578; x_wconf 84' lang='lat' dir='ltr'>adVirg.</span> <span class='ocrx_word' id='word_1_215' title='bbox 768 2535 881 2578; x_wconf 85' lang='lat' dir='ltr'>Georg.</span> <span class='ocrx_word' id='word_1_216' title='bbox 893 2543 923 2567; x_wconf 82' lang='lat'>2.</span> 
     </span>
     <span class='ocr_line' id='line_1_41' title="bbox 173 2574 595 2618; baseline 0.007 -13"><span class='ocrx_word' id='word_1_217' title='bbox 173 2580 245 2606; x_wconf 82' lang='lat'><strong>382.</strong></span> <span class='ocrx_word' id='word_1_218' title='bbox 257 2575 292 2605; x_wconf 86' lang='lat' dir='ltr'>ad</span> <span class='ocrx_word' id='word_1_219' title='bbox 307 2574 420 2607; x_wconf 86' lang='lat' dir='ltr'>Tibull.</span> <span class='ocrx_word' id='word_1_220' title='bbox 436 2583 466 2608; x_wconf 82' lang='lat'>2.</span> <span class='ocrx_word' id='word_1_221' title='bbox 485 2583 513 2608; x_wconf 90' lang='lat'>1.</span> <span class='ocrx_word' id='word_1_222' title='bbox 530 2576 595 2618; x_wconf 80' lang='lat'><strong>⁵5.]</strong></span> 
     </span>
    </p>

    <p class='ocr_par' dir='ltr' id='par_1_22' title="bbox 167 2617 924 2732">
     <span class='ocr_line' id='line_1_42' title="bbox 215 2617 924 2663; baseline 0.006 -14"><span class='ocrx_word' id='word_1_223' title='bbox 215 2624 274 2649; x_wconf 80' lang='grc'>221</span> <span class='ocrx_word' id='word_1_224' title='bbox 290 2617 376 2650; x_wconf 90' lang='lat' dir='ltr'>Bene</span> <span class='ocrx_word' id='word_1_225' title='bbox 385 2618 524 2659; x_wconf 81' lang='lat' dir='ltr'>Agrestes</span> <span class='ocrx_word' id='word_1_226' title='bbox 531 2632 545 2659; x_wconf 90' lang='lat'><em>;</em></span> <span class='ocrx_word' id='word_1_227' title='bbox 568 2631 637 2651; x_wconf 84' lang='lat' dir='ltr'>nam</span> <span class='ocrx_word' id='word_1_228' title='bbox 649 2618 797 2663; x_wconf 81' lang='lat' dir='ltr'>Satyricus</span> <span class='ocrx_word' id='word_1_229' title='bbox 806 2620 924 2653; x_wconf 83' lang='lat' dir='ltr'>Chorus</span> 
     </span>
     <span class='ocr_line' id='line_1_43' title="bbox 167 2660 924 2732; baseline 0.008 -42"><span class='ocrx_word' id='word_1_230' title='bbox 167 2660 258 2732; x_wconf 54' lang='grc' dir='ltr'>ιίξιὶῐίο</span> <span class='ocrx_word' id='word_1_231' title='bbox 271 2662 387 2693; x_wconf 71' lang='lat' dir='ltr'>rustioee</span> <span class='ocrx_word' id='word_1_232' title='bbox 401 2669 463 2693; x_wconf 85' lang='lat' dir='ltr'>erat</span> <span class='ocrx_word' id='word_1_233' title='bbox 476 2661 656 2705; x_wconf 80' lang='lat' dir='ltr'>Tragoedioe,</span> <span class='ocrx_word' id='word_1_234' title='bbox 671 2674 733 2695; x_wconf 91' lang='lat' dir='ltr'>non</span> <span class='ocrx_word' id='word_1_235' title='bbox 748 2664 853 2696; x_wconf 83' lang='lat' dir='ltr'>itidem</span> <span class='ocrx_word' id='word_1_236' title='bbox 875 2676 924 2696; x_wconf 90' lang='lat' dir='ltr'>ur-</span> 
     </span>
    </p>

    <p class='ocr_par' dir='ltr' id='par_1_23' title="bbox 189 2713 264 2734">
     <span class='ocr_line' id='line_1_44' title="bbox 189 2713 264 2734; baseline 0.013 -1"><span class='ocrx_word' id='word_1_237' title='bbox 189 2713 264 2734; x_wconf 76' lang='lat' dir='ltr'>anae.</span> 
     </span>
    </p>

    <p class='ocr_par' dir='ltr' id='par_1_24' title="bbox 169 2746 923 2918">
     <span class='ocr_line' id='line_1_45' title="bbox 214 2746 922 2787; baseline 0.006 -10"><span class='ocrx_word' id='word_1_238' title='bbox 214 2746 351 2779; x_wconf 78' lang='lat' dir='ltr'>Nudovit</span> <span class='ocrx_word' id='word_1_239' title='bbox 358 2760 371 2787; x_wconf 91' lang='lat'>‚·</span> <span class='ocrx_word' id='word_1_240' title='bbox 393 2759 462 2780; x_wconf 88' lang='lat' dir='ltr'>nam</span> <span class='ocrx_word' id='word_1_241' title='bbox 478 2748 574 2781; x_wconf 71' lang='lat' dir='ltr'>nudus</span> <span class='ocrx_word' id='word_1_242' title='bbox 584 2756 646 2781; x_wconf 77' lang='lat' dir='ltr'>emt</span> <span class='ocrx_word' id='word_1_243' title='bbox 652 2750 828 2781; x_wconf 79' lang='lat' dir='ltr'>rusticorum</span> <span class='ocrx_word' id='word_1_244' title='bbox 840 2749 922 2782; x_wconf 87' lang='lat' dir='ltr'>Cho-</span> 
     </span>
     <span class='ocr_line' id='line_1_46' title="bbox 169 2790 923 2835; baseline 0.009 -17"><span class='ocrx_word' id='word_1_245' title='bbox 169 2797 231 2826; x_wconf 83' lang='lat' dir='ltr'>rus,</span> <span class='ocrx_word' id='word_1_246' title='bbox 246 2790 302 2820; x_wconf 89' lang='lat' dir='ltr'>nisi</span> <span class='ocrx_word' id='word_1_247' title='bbox 314 2791 393 2831; x_wconf 88' lang='lat' dir='ltr'>quod</span> <span class='ocrx_word' id='word_1_248' title='bbox 407 2790 530 2823; x_wconf 85' lang='lat' dir='ltr'>hircinis</span> <span class='ocrx_word' id='word_1_249' title='bbox 543 2792 672 2835; x_wconf 86' lang='lat' dir='ltr'>pellibus</span> <span class='ocrx_word' id='word_1_250' title='bbox 683 2793 865 2832; x_wconf 70' lang='lat' dir='ltr'>indueretur,</span> <span class='ocrx_word' id='word_1_251' title='bbox 887 2801 923 2832; x_wconf 81' lang='lat' dir='ltr'>ut</span> 
     </span>
     <span class='ocr_line' id='line_1_47' title="bbox 170 2830 922 2881; baseline 0.011 -21"><span class='ocrx_word' id='word_1_252' title='bbox 170 2830 232 2861; x_wconf 79' lang='lat' dir='ltr'>fere</span> <span class='ocrx_word' id='word_1_253' title='bbox 251 2832 339 2872; x_wconf 83' lang='lat' dir='ltr'>prisci</span> <span class='ocrx_word' id='word_1_254' title='bbox 359 2835 506 2866; x_wconf 81' lang='lat' dir='ltr'>mortales.</span> <span class='ocrx_word' id='word_1_255' title='bbox 549 2835 684 2868; x_wconf 84' lang='lat' dir='ltr'>Chorum</span> <span class='ocrx_word' id='word_1_256' title='bbox 697 2834 780 2868; x_wconf 87' lang='lat' dir='ltr'>hunc</span> <span class='ocrx_word' id='word_1_257' title='bbox 793 2836 922 2881; x_wconf 77' lang='lat' dir='ltr'>ducebat</span> 
     </span>
     <span class='ocr_line' id='line_1_48' title="bbox 170 2871 641 2918; baseline 0.019 -16"><span class='ocrx_word' id='word_1_258' title='bbox 170 2871 302 2911; x_wconf 86' lang='lat' dir='ltr'>Silenus,</span> <span class='ocrx_word' id='word_1_259' title='bbox 317 2876 362 2906; x_wconf 91' lang='lat' dir='ltr'>vel</span> <span class='ocrx_word' id='word_1_260' title='bbox 377 2875 472 2908; x_wconf 83' lang='lat' dir='ltr'>Sileni</span> <span class='ocrx_word' id='word_1_261' title='bbox 486 2879 588 2910; x_wconf 86' lang='lat' dir='ltr'>Actor.</span> <span class='ocrx_word' id='word_1_262' title='bbox 633 2909 641 2918; x_wconf 67' lang='grc'>,</span> 
     </span>
    </p>

    <p class='ocr_par' dir='ltr' id='par_1_25' title="bbox 166 2917 918 3003">
     <span class='ocr_line' id='line_1_49' title="bbox 211 2917 918 2965; baseline 0.013 -19"><span class='ocrx_word' id='word_1_263' title='bbox 211 2917 307 2958; x_wconf 82' lang='lat' dir='ltr'>Asper</span> <span class='ocrx_word' id='word_1_264' title='bbox 315 2930 328 2955; x_wconf 88' lang='lat'>,·</span> <span class='ocrx_word' id='word_1_265' title='bbox 349 2919 478 2951; x_wconf 77' lang='lat' dir='ltr'>mordax.</span> <span class='ocrx_word' id='word_1_266' title='bbox 510 2921 646 2953; x_wconf 64' lang='lat' dir='ltr'>ossendic</span> <span class='ocrx_word' id='word_1_267' title='bbox 658 2921 803 2965; x_wconf 77' lang='lat' dir='ltr'>Satyrum</span> <span class='ocrx_word' id='word_1_268' title='bbox 814 2927 918 2954; x_wconf 84' lang='lat' dir='ltr'>natam</span> 
     </span>
     <span class='ocr_line' id='line_1_50' title="bbox 166 2960 696 3003; baseline 0.013 -13"><span class='ocrx_word' id='word_1_269' title='bbox 166 2969 226 2998; x_wconf 60' lang='lat' dir='ltr'>esse</span> <span class='ocrx_word' id='word_1_270' title='bbox 236 2970 273 2994; x_wconf 74' lang='lat' dir='ltr'>ex</span> <span class='ocrx_word' id='word_1_271' title='bbox 288 2960 459 3003; x_wconf 79' lang='lat' dir='ltr'>Tragoediis.</span> <span class='ocrx_word' id='word_1_272' title='bbox 484 2962 551 2995; x_wconf 82' lang='lat' dir='ltr'>Vet.</span> <span class='ocrx_word' id='word_1_273' title='bbox 567 2964 671 2997; x_wconf 81' lang='lat' dir='ltr'>schol.</span> <span class='ocrx_word' id='word_1_274' title='bbox 694 2963 696 2965; x_wconf 64' lang='grc'><strong>’</strong></span> 
     </span>
    </p>
   </div>
   <div class='ocr_carea' id='block_1_15' title="bbox 854 1769 1443 1813">
    <p class='ocr_par' dir='ltr' id='par_1_26' title="bbox 854 1769 1443 1813">
     <span class='ocr_line' id='line_1_51' title="bbox 854 1769 1443 1813; baseline 0 -11"><span class='ocrx_word' id='word_1_275' title='bbox 854 1776 918 1802; x_wconf 82' lang='grc'><strong>234</strong></span> <span class='ocrx_word' id='word_1_276' title='bbox 933 1770 1067 1802; x_wconf 81' lang='lat' dir='ltr'>inornata</span> <span class='ocrx_word' id='word_1_277' title='bbox 1084 1769 1183 1802; x_wconf 83' lang='lat' dir='ltr'>Hurd.</span> <span class='ocrx_word' id='word_1_278' title='bbox 1199 1769 1275 1813; x_wconf 74' lang='lat' dir='ltr'>conj.</span> <span class='ocrx_word' id='word_1_279' title='bbox 1289 1769 1443 1802; x_wconf 83' lang='lat' dir='ltr'>honorata.</span> 
     </span>
    </p>
   </div>
   <div class='ocr_carea' id='block_1_16' title="bbox 960 1887 1760 2964">
    <p class='ocr_par' dir='ltr' id='par_1_27' title="bbox 1013 1887 1672 1928">
     <span class='ocr_line' id='line_1_52' title="bbox 1013 1887 1672 1928; baseline 0.002 -8"><span class='ocrx_word' id='word_1_280' title='bbox 1013 1894 1075 1920; x_wconf 79' lang='grc'>223</span> <span class='ocrx_word' id='word_1_281' title='bbox 1092 1889 1273 1928; x_wconf 75' lang='lat' dir='ltr'>Morandus,</span> <span class='ocrx_word' id='word_1_282' title='bbox 1288 1888 1477 1926; x_wconf 81' lang='lat' dir='ltr'>detinendus,</span> <span class='ocrx_word' id='word_1_283' title='bbox 1492 1887 1672 1921; x_wconf 85' lang='lat' dir='ltr'>alliciendus.</span> 
     </span>
    </p>

    <p class='ocr_par' dir='ltr' id='par_1_28' title="bbox 970 1932 1724 2221">
     <span class='ocr_line' id='line_1_53' title="bbox 1012 1932 1724 1976; baseline 0.004 -14"><span class='ocrx_word' id='word_1_284' title='bbox 1012 1938 1075 1963; x_wconf 89' lang='grc'>224</span> <span class='ocrx_word' id='word_1_285' title='bbox 1106 1932 1292 1973; x_wconf 77' lang='lat' dir='ltr'>Functusque</span> <span class='ocrx_word' id='word_1_286' title='bbox 1320 1932 1412 1963; x_wconf 82' lang='lat' dir='ltr'>sacris</span> <span class='ocrx_word' id='word_1_287' title='bbox 1422 1943 1436 1970; x_wconf 91' lang='lat'><em>;</em></span> <span class='ocrx_word' id='word_1_288' title='bbox 1467 1932 1538 1962; x_wconf 82' lang='lat' dir='ltr'>Non</span> <span class='ocrx_word' id='word_1_289' title='bbox 1561 1934 1724 1976; x_wconf 68' lang='lat' dir='ltr'>voluptatis</span> 
     </span>
     <span class='ocr_line' id='line_1_54' title="bbox 970 1974 1722 2015; baseline 0.004 -10"><span class='ocrx_word' id='word_1_290' title='bbox 970 1985 1061 2006; x_wconf 75' lang='lat' dir='ltr'>causa</span> <span class='ocrx_word' id='word_1_291' title='bbox 1075 1975 1187 2005; x_wconf 69' lang='lat' dir='ltr'>inventi</span> <span class='ocrx_word' id='word_1_292' title='bbox 1202 1980 1272 2006; x_wconf 74' lang='lat' dir='ltr'>sunt</span> <span class='ocrx_word' id='word_1_293' title='bbox 1287 1975 1363 2012; x_wconf 72' lang='lat' dir='ltr'>ludi,</span> <span class='ocrx_word' id='word_1_294' title='bbox 1378 1974 1429 2005; x_wconf 83' lang='lat' dir='ltr'>sed</span> <span class='ocrx_word' id='word_1_295' title='bbox 1443 1974 1614 2015; x_wconf 82' lang='lat' dir='ltr'>Religionis.</span> <span class='ocrx_word' id='word_1_296' title='bbox 1653 1975 1722 2008; x_wconf 84' lang='lat' dir='ltr'>Vct.</span> 
     </span>
     <span class='ocr_line' id='line_1_55' title="bbox 970 2015 1724 2052; baseline 0.004 -5"><span class='ocrx_word' id='word_1_297' title='bbox 970 2015 1074 2048; x_wconf 88' lang='lat' dir='ltr'>Schol.</span> <span class='ocrx_word' id='word_1_298' title='bbox 1118 2016 1221 2052; x_wconf 84' lang='lat' dir='ltr'>Quam</span> <span class='ocrx_word' id='word_1_299' title='bbox 1241 2018 1281 2049; x_wconf 91' lang='lat' dir='ltr'>ob</span> <span class='ocrx_word' id='word_1_300' title='bbox 1295 2028 1358 2048; x_wconf 84' lang='lat' dir='ltr'>rem</span> <span class='ocrx_word' id='word_1_301' title='bbox 1374 2017 1590 2049; x_wconf 82' lang='lat' dir='ltr'>renunciabant</span> <span class='ocrx_word' id='word_1_302' title='bbox 1604 2018 1660 2050; x_wconf 86' lang='lat' dir='ltr'>illis</span> <span class='ocrx_word' id='word_1_303' title='bbox 1674 2030 1724 2050; x_wconf 84' lang='lat' dir='ltr'>ve-</span> 
     </span>
     <span class='ocr_line' id='line_1_56' title="bbox 972 2058 1723 2103; baseline 0.004 -13"><span class='ocrx_word' id='word_1_304' title='bbox 972 2067 1049 2090; x_wconf 86' lang='lat' dir='ltr'>teres</span> <span class='ocrx_word' id='word_1_305' title='bbox 1060 2058 1220 2092; x_wconf 84' lang='lat' dir='ltr'>Christiani</span> <span class='ocrx_word' id='word_1_306' title='bbox 1236 2062 1267 2092; x_wconf 90' lang='lat' dir='ltr'>in</span> <span class='ocrx_word' id='word_1_307' title='bbox 1278 2059 1473 2103; x_wconf 78' lang='lat' dir='ltr'>Baptismate.</span> <span class='ocrx_word' id='word_1_308' title='bbox 1496 2059 1535 2092; x_wconf 92' lang='lat' dir='ltr'>B.</span> <span class='ocrx_word' id='word_1_309' title='bbox 1560 2059 1635 2093; x_wconf 89' lang='lat' dir='ltr'>Vide</span> <span class='ocrx_word' id='word_1_310' title='bbox 1647 2061 1723 2093; x_wconf 40' lang='lat' dir='ltr'>Ter*-</span> 
     </span>
     <span class='ocr_line' id='line_1_57' title="bbox 972 2103 1723 2147; baseline 0.005 -14"><span class='ocrx_word' id='word_1_311' title='bbox 972 2103 1087 2134; x_wconf 83' lang='lat' dir='ltr'>tulliani</span> <span class='ocrx_word' id='word_1_312' title='bbox 1100 2103 1137 2134; x_wconf 90' lang='lat' dir='ltr'>de</span> <span class='ocrx_word' id='word_1_313' title='bbox 1151 2104 1326 2146; x_wconf 86' lang='lat' dir='ltr'>spectaculis</span> <span class='ocrx_word' id='word_1_314' title='bbox 1335 2103 1454 2134; x_wconf 84' lang='lat' dir='ltr'>librum.</span> <span class='ocrx_word' id='word_1_315' title='bbox 1489 2103 1590 2136; x_wconf 72' lang='lat' dir='ltr'>Exleoe</span> <span class='ocrx_word' id='word_1_316' title='bbox 1604 2105 1723 2147; x_wconf 81' lang='lat' dir='ltr'>respicit</span> 
     </span>
     <span class='ocr_line' id='line_1_58' title="bbox 970 2145 1723 2192; baseline 0.004 -16"><span class='ocrx_word' id='word_1_317' title='bbox 970 2146 1007 2176; x_wconf 82' lang='lat' dir='ltr'>ad</span> <span class='ocrx_word' id='word_1_318' title='bbox 1036 2146 1086 2176; x_wconf 86' lang='lat' dir='ltr'>illa</span> <span class='ocrx_word' id='word_1_319' title='bbox 1106 2153 1166 2177; x_wconf 83' lang='lat' dir='ltr'>tem</span> <span class='ocrx_word' id='word_1_320' title='bbox 1208 2157 1251 2185; x_wconf 85' lang='lat' dir='ltr'>ra,</span> <span class='ocrx_word' id='word_1_321' title='bbox 1271 2158 1340 2179; x_wconf 85' lang='lat' dir='ltr'>curn</span> <span class='ocrx_word' id='word_1_322' title='bbox 1364 2145 1497 2177; x_wconf 87' lang='lat' dir='ltr'>nondum</span> <span class='ocrx_word' id='word_1_323' title='bbox 1523 2154 1622 2178; x_wconf 85' lang='lat' dir='ltr'>essent</span> <span class='ocrx_word' id='word_1_324' title='bbox 1641 2148 1723 2192; x_wconf 78' lang='lat' dir='ltr'>leges</span> 
     </span>
     <span class='ocr_line' id='line_1_59' title="bbox 971 2157 1208 2221; baseline 0.004 -1"><span class='ocrx_word' id='word_1_325' title='bbox 971 2188 1139 2220; x_wconf 85' lang='lat' dir='ltr'>theatrales.</span> <span class='ocrx_word' id='word_1_326' title='bbox 1160 2157 1208 2221; x_wconf 64' lang='lat' dir='ltr'>go</span> 
     </span>
    </p>

    <p class='ocr_par' dir='ltr' id='par_1_29' title="bbox 1013 2231 1584 2271">
     <span class='ocr_line' id='line_1_60' title="bbox 1013 2231 1584 2271; baseline 0.002 -8"><span class='ocrx_word' id='word_1_327' title='bbox 1013 2239 1075 2264; x_wconf 87' lang='grc'>225</span> <span class='ocrx_word' id='word_1_328' title='bbox 1093 2232 1230 2271; x_wconf 82' lang='lat' dir='ltr'>Dicaces,</span> <span class='ocrx_word' id='word_1_329' title='bbox 1244 2232 1280 2263; x_wconf 81' lang='lat' dir='ltr'>ad</span> <span class='ocrx_word' id='word_1_330' title='bbox 1294 2232 1454 2264; x_wconf 84' lang='lat' dir='ltr'>dicendum</span> <span class='ocrx_word' id='word_1_331' title='bbox 1468 2231 1584 2264; x_wconf 83' lang='lat' dir='ltr'>liberos.</span> 
     </span>
    </p>

    <p class='ocr_par' dir='ltr' id='par_1_30' title="bbox 970 2276 1720 2361">
     <span class='ocr_line' id='line_1_61' title="bbox 1013 2276 1720 2316; baseline 0.001 -9"><span class='ocrx_word' id='word_1_332' title='bbox 1013 2279 1076 2307; x_wconf 88' lang='grc'>226</span> <span class='ocrx_word' id='word_1_333' title='bbox 1094 2276 1210 2308; x_wconf 80' lang='lat' dir='ltr'>Vertere</span> <span class='ocrx_word' id='word_1_334' title='bbox 1222 2277 1300 2307; x_wconf 84' lang='lat' dir='ltr'>seria</span> <span class='ocrx_word' id='word_1_335' title='bbox 1313 2277 1382 2307; x_wconf 83' lang='lat' dir='ltr'>ludo</span> <span class='ocrx_word' id='word_1_336' title='bbox 1393 2288 1406 2314; x_wconf 92' lang='lat'>,·</span> <span class='ocrx_word' id='word_1_337' title='bbox 1422 2276 1589 2316; x_wconf 80' lang='lat' dir='ltr'>Tragaedioe</span> <span class='ocrx_word' id='word_1_338' title='bbox 1603 2276 1720 2308; x_wconf 82' lang='lat' dir='ltr'>immis-</span> 
     </span>
     <span class='ocr_line' id='line_1_62' title="bbox 970 2317 1512 2361; baseline -0.002 -11"><span class='ocrx_word' id='word_1_339' title='bbox 970 2328 1030 2350; x_wconf 80' lang='lat' dir='ltr'>cere</span> <span class='ocrx_word' id='word_1_340' title='bbox 1039 2319 1196 2361; x_wconf 73' lang='lat' dir='ltr'>Satyrum.</span> <span class='ocrx_word' id='word_1_341' title='bbox 1218 2318 1288 2350; x_wconf 83' lang='lat' dir='ltr'>Vct.</span> <span class='ocrx_word' id='word_1_342' title='bbox 1303 2317 1405 2350; x_wconf 91' lang='lat' dir='ltr'>Schol.</span> <span class='ocrx_word' id='word_1_343' title='bbox 1420 2317 1512 2360; x_wconf 88' lang='lat' dir='ltr'>Cruq.</span> 
     </span>
    </p>

    <p class='ocr_par' dir='ltr' id='par_1_31' title="bbox 961 2361 1721 2738">
     <span class='ocr_line' id='line_1_63' title="bbox 1011 2361 1721 2397; baseline 0.004 -5"><span class='ocrx_word' id='word_1_344' title='bbox 1011 2368 1072 2397; x_wconf 83' lang='lat'>227</span> <span class='ocrx_word' id='word_1_345' title='bbox 1091 2362 1191 2394; x_wconf 85' lang='lat' dir='ltr'>Deum</span> <span class='ocrx_word' id='word_1_346' title='bbox 1206 2369 1237 2393; x_wconf 85' lang='lat' dir='ltr'>et</span> <span class='ocrx_word' id='word_1_347' title='bbox 1252 2363 1352 2393; x_wconf 75' lang='lat' dir='ltr'>Herod</span> <span class='ocrx_word' id='word_1_348' title='bbox 1367 2361 1467 2393; x_wconf 84' lang='lat' dir='ltr'>festive</span> <span class='ocrx_word' id='word_1_349' title='bbox 1481 2362 1614 2395; x_wconf 84' lang='lat' dir='ltr'>nominat</span> <span class='ocrx_word' id='word_1_350' title='bbox 1627 2361 1721 2395; x_wconf 91' lang='lat' dir='ltr'>Acto-</span> 
     </span>
     <span class='ocr_line' id='line_1_64' title="bbox 968 2404 1720 2447; baseline 0.001 -12"><span class='ocrx_word' id='word_1_351' title='bbox 968 2415 1030 2435; x_wconf 88' lang='lat' dir='ltr'>rem</span> <span class='ocrx_word' id='word_1_352' title='bbox 1046 2405 1097 2446; x_wconf 89' lang='lat' dir='ltr'>qui</span> <span class='ocrx_word' id='word_1_353' title='bbox 1120 2405 1210 2436; x_wconf 84' lang='lat' dir='ltr'>modo</span> <span class='ocrx_word' id='word_1_354' title='bbox 1222 2405 1273 2446; x_wconf 45' lang='lat' dir='ltr'>[dei</span> <span class='ocrx_word' id='word_1_355' title='bbox 1296 2405 1341 2436; x_wconf 88' lang='lat' dir='ltr'>vel</span> <span class='ocrx_word' id='word_1_356' title='bbox 1362 2404 1460 2436; x_wconf 87' lang='lat' dir='ltr'>herois</span> <span class='ocrx_word' id='word_1_357' title='bbox 1480 2412 1578 2447; x_wconf 86' lang='lat' dir='ltr'>partes</span> <span class='ocrx_word' id='word_1_358' title='bbox 1600 2406 1720 2447; x_wconf 80' lang='lat' dir='ltr'>agebat,</span> 
     </span>
     <span class='ocr_line' id='line_1_65' title="bbox 967 2446 1720 2491; baseline 0.001 -13"><span class='ocrx_word' id='word_1_359' title='bbox 967 2459 1049 2478; x_wconf 86' lang='lat' dir='ltr'>nunc</span> <span class='ocrx_word' id='word_1_360' title='bbox 1061 2458 1131 2479; x_wconf 92' lang='lat' dir='ltr'>vero</span> <span class='ocrx_word' id='word_1_361' title='bbox 1145 2446 1251 2491; x_wconf 84' lang='lat' dir='ltr'>Satyri.</span> <span class='ocrx_word' id='word_1_362' title='bbox 1274 2447 1313 2479; x_wconf 90' lang='lat' dir='ltr'>B.</span> <span class='ocrx_word' id='word_1_363' title='bbox 1356 2447 1395 2479; x_wconf 88' lang='lat' dir='ltr'>In</span> <span class='ocrx_word' id='word_1_364' title='bbox 1409 2447 1541 2490; x_wconf 84' lang='lat' dir='ltr'>Satyrica</span> <span class='ocrx_word' id='word_1_365' title='bbox 1550 2447 1720 2486; x_wconf 82' lang='lat' dir='ltr'>fabula,cu-</span> 
     </span>
     <span class='ocr_line' id='line_1_66' title="bbox 961 2489 1719 2564; baseline 0.001 -42"><span class='ocrx_word' id='word_1_366' title='bbox 961 2491 1013 2532; x_wconf 82' lang='lat' dir='ltr'>jus</span> <span class='ocrx_word' id='word_1_367' title='bbox 1027 2491 1149 2522; x_wconf 81' lang='lat' dir='ltr'>unicum</span> <span class='ocrx_word' id='word_1_368' title='bbox 1163 2492 1315 2564; x_wconf 68' lang='lat' dir='ltr'>slpecimen</span> <span class='ocrx_word' id='word_1_369' title='bbox 1329 2498 1474 2533; x_wconf 80' lang='lat' dir='ltr'>superest,</span> <span class='ocrx_word' id='word_1_370' title='bbox 1496 2489 1646 2534; x_wconf 87' lang='lat' dir='ltr'>Euripidis</span> <span class='ocrx_word' id='word_1_371' title='bbox 1660 2491 1719 2534; x_wconf 79' lang='lat' dir='ltr'>Cy-</span> 
     </span>
     <span class='ocr_line' id='line_1_67' title="bbox 966 2533 1718 2577; baseline 0.003 -13"><span class='ocrx_word' id='word_1_372' title='bbox 966 2533 1060 2576; x_wconf 85' lang='lat' dir='ltr'>clops,</span> <span class='ocrx_word' id='word_1_373' title='bbox 1090 2533 1170 2565; x_wconf 80' lang='lat' dir='ltr'>Bacc</span> <span class='ocrx_word' id='word_1_374' title='bbox 1183 2545 1241 2573; x_wconf 72' lang='lat' dir='ltr'>ius,</span> <span class='ocrx_word' id='word_1_375' title='bbox 1278 2533 1412 2573; x_wconf 78' lang='lat' dir='ltr'>Silenus,</span> <span class='ocrx_word' id='word_1_376' title='bbox 1441 2533 1574 2576; x_wconf 81' lang='lat' dir='ltr'>Ulysses,</span> <span class='ocrx_word' id='word_1_377' title='bbox 1599 2535 1718 2577; x_wconf 70' lang='lat' dir='ltr'>tragica</span> 
     </span>
     <span class='ocr_line' id='line_1_68' title="bbox 965 2572 1720 2620; baseline 0 -12"><span class='ocrx_word' id='word_1_378' title='bbox 965 2577 1097 2619; x_wconf 86' lang='lat' dir='ltr'>alioquin</span> <span class='ocrx_word' id='word_1_379' title='bbox 1107 2588 1253 2619; x_wconf 68' lang='lat' dir='ltr'>personae,</span> <span class='ocrx_word' id='word_1_380' title='bbox 1262 2577 1408 2619; x_wconf 86' lang='lat' dir='ltr'>prodeunt</span> <span class='ocrx_word' id='word_1_381' title='bbox 1418 2587 1487 2608; x_wconf 88' lang='lat' dir='ltr'>cum</span> <span class='ocrx_word' id='word_1_382' title='bbox 1499 2572 1621 2620; x_wconf 77' lang='lat' dir='ltr'>Satyris,</span> <span class='ocrx_word' id='word_1_383' title='bbox 1630 2584 1720 2608; x_wconf 88' lang='lat' dir='ltr'>utun-</span> 
     </span>
     <span class='ocr_line' id='line_1_69' title="bbox 965 2619 1718 2662; baseline 0.001 -11"><span class='ocrx_word' id='word_1_384' title='bbox 965 2627 1072 2662; x_wconf 85' lang='lat' dir='ltr'>turque</span> <span class='ocrx_word' id='word_1_385' title='bbox 1095 2619 1255 2651; x_wconf 87' lang='lat' dir='ltr'>humiliore</span> <span class='ocrx_word' id='word_1_386' title='bbox 1275 2620 1397 2662; x_wconf 87' lang='lat' dir='ltr'>quidem</span> <span class='ocrx_word' id='word_1_387' title='bbox 1412 2630 1560 2658; x_wconf 84' lang='lat' dir='ltr'>sermone,</span> <span class='ocrx_word' id='word_1_388' title='bbox 1573 2631 1663 2662; x_wconf 89' lang='lat' dir='ltr'>quam</span> <span class='ocrx_word' id='word_1_389' title='bbox 1685 2620 1718 2652; x_wconf 84' lang='lat' dir='ltr'>in</span> 
     </span>
     <span class='ocr_line' id='line_1_70' title="bbox 965 2662 1716 2706; baseline -0.001 -12"><span class='ocrx_word' id='word_1_390' title='bbox 965 2663 1119 2705; x_wconf 81' lang='lat' dir='ltr'>tragoedia,</span> <span class='ocrx_word' id='word_1_391' title='bbox 1133 2674 1196 2694; x_wconf 80' lang='lat' dir='ltr'>non</span> <span class='ocrx_word' id='word_1_392' title='bbox 1220 2671 1321 2695; x_wconf 84' lang='lat' dir='ltr'>tamen</span> <span class='ocrx_word' id='word_1_393' title='bbox 1336 2663 1424 2706; x_wconf 85' lang='lat' dir='ltr'>plane</span> <span class='ocrx_word' id='word_1_394' title='bbox 1443 2663 1562 2706; x_wconf 90' lang='lat' dir='ltr'>plebeio</span> <span class='ocrx_word' id='word_1_395' title='bbox 1574 2670 1606 2694; x_wconf 88' lang='lat' dir='ltr'>et</span> <span class='ocrx_word' id='word_1_396' title='bbox 1619 2662 1716 2693; x_wconf 86' lang='lat' dir='ltr'>taber-</span> 
     </span>
     <span class='ocr_line' id='line_1_71' title="bbox 966 2706 1120 2738; baseline 0 -1"><span class='ocrx_word' id='word_1_397' title='bbox 966 2707 1057 2738; x_wconf 84' lang='lat' dir='ltr'>nario.</span> <span class='ocrx_word' id='word_1_398' title='bbox 1078 2706 1120 2737; x_wconf 92' lang='lat' dir='ltr'>G.</span> 
     </span>
    </p>

    <p class='ocr_par' dir='ltr' id='par_1_32' title="bbox 963 2746 1716 2824">
     <span class='ocr_line' id='line_1_72' title="bbox 1009 2746 1716 2784; baseline -0.001 -3"><span class='ocrx_word' id='word_1_399' title='bbox 1009 2757 1072 2784; x_wconf 85' lang='grc'>229</span> <span class='ocrx_word' id='word_1_400' title='bbox 1097 2750 1135 2780; x_wconf 89' lang='lat' dir='ltr'>In</span> <span class='ocrx_word' id='word_1_401' title='bbox 1149 2750 1286 2781; x_wconf 77' lang='lat' dir='ltr'>obscuras</span> <span class='ocrx_word' id='word_1_402' title='bbox 1306 2749 1452 2784; x_wconf 79' lang='lat' dir='ltr'>tabernas,</span> <span class='ocrx_word' id='word_1_403' title='bbox 1465 2746 1498 2778; x_wconf 88' lang='lat' dir='ltr'>h.</span> <span class='ocrx_word' id='word_1_404' title='bbox 1514 2759 1541 2779; x_wconf 89' lang='lat' dir='ltr'>e.</span> <span class='ocrx_word' id='word_1_405' title='bbox 1557 2748 1589 2780; x_wconf 85' lang='lat' dir='ltr'>in</span> <span class='ocrx_word' id='word_1_406' title='bbox 1602 2747 1716 2780; x_wconf 81' lang='lat' dir='ltr'>Taber-</span> 
     </span>
     <span class='ocr_line' id='line_1_73' title="bbox 963 2789 1510 2824; baseline -0.005 0"><span class='ocrx_word' id='word_1_407' title='bbox 963 2793 1053 2824; x_wconf 71' lang='lat' dir='ltr'>naxiae</span> <span class='ocrx_word' id='word_1_408' title='bbox 1066 2791 1191 2824; x_wconf 88' lang='lat' dir='ltr'>Fabulae</span> <span class='ocrx_word' id='word_1_409' title='bbox 1206 2792 1377 2823; x_wconf 78' lang='lat' dir='ltr'>vilissimum</span> <span class='ocrx_word' id='word_1_410' title='bbox 1390 2789 1510 2821; x_wconf 85' lang='lat' dir='ltr'>Stilum.</span> 
     </span>
    </p>

    <p class='ocr_par' dir='ltr' id='par_1_33' title="bbox 1007 2834 1564 2877">
     <span class='ocr_line' id='line_1_74' title="bbox 1007 2834 1564 2877; baseline -0.007 -10"><span class='ocrx_word' id='word_1_411' title='bbox 1007 2841 1070 2867; x_wconf 78' lang='lat'>232</span> <span class='ocrx_word' id='word_1_412' title='bbox 1085 2834 1299 2877; x_wconf 70' lang='lat' dir='ltr'>Moven&#39;jmsa</span> <span class='ocrx_word' id='word_1_413' title='bbox 1306 2847 1320 2874; x_wconf 90' lang='lat'>‚·</span> <span class='ocrx_word' id='word_1_414' title='bbox 1341 2834 1444 2864; x_wconf 78' lang='lat' dir='ltr'>saltare</span> <span class='ocrx_word' id='word_1_415' title='bbox 1455 2839 1564 2875; x_wconf 80' lang='lat' dir='ltr'>rogata.</span> 
     </span>
    </p>

    <p class='ocr_par' dir='ltr' id='par_1_34' title="bbox 960 2876 1760 2964">
     <span class='ocr_line' id='line_1_75' title="bbox 1007 2876 1714 2920; baseline -0.004 -10"><span class='ocrx_word' id='word_1_416' title='bbox 1007 2884 1070 2910; x_wconf 84' lang='lat'>234</span> <span class='ocrx_word' id='word_1_417' title='bbox 1087 2880 1231 2910; x_wconf 80' lang='lat' dir='ltr'>Inornata</span> <span class='ocrx_word' id='word_1_418' title='bbox 1239 2890 1253 2917; x_wconf 90' lang='lat'>‚·</span> <span class='ocrx_word' id='word_1_419' title='bbox 1274 2887 1359 2920; x_wconf 80' lang='lat' dir='ltr'>pura,</span> <span class='ocrx_word' id='word_1_420' title='bbox 1371 2886 1432 2907; x_wconf 89' lang='lat' dir='ltr'>non</span> <span class='ocrx_word' id='word_1_421' title='bbox 1445 2876 1582 2918; x_wconf 62' lang='lat' dir='ltr'>figuram</span> <span class='ocrx_word' id='word_1_422' title='bbox 1606 2876 1714 2908; x_wconf 86' lang='lat' dir='ltr'>Domi-</span> 
     </span>
     <span class='ocr_line' id='line_1_76' title="bbox 960 2918 1760 2964; baseline -0.003 -11"><span class='ocrx_word' id='word_1_423' title='bbox 960 2923 1079 2959; x_wconf 80' lang='lat' dir='ltr'>nantia,</span> <span class='ocrx_word' id='word_1_424' title='bbox 1094 2921 1234 2964; x_wconf 75' lang='lat' dir='ltr'>praesenti</span> <span class='ocrx_word' id='word_1_425' title='bbox 1249 2931 1305 2951; x_wconf 83' lang='lat' dir='ltr'>usu</span> <span class='ocrx_word' id='word_1_426' title='bbox 1319 2918 1534 2950; x_wconf 80' lang='lat' dir='ltr'>invalescentia.</span> <span class='ocrx_word' id='word_1_427' title='bbox 1578 2918 1626 2950; x_wconf 81' lang='lat' dir='ltr'>Ita</span> <span class='ocrx_word' id='word_1_428' title='bbox 1638 2920 1712 2951; x_wconf 86' lang='lat' dir='ltr'>olim</span> <span class='ocrx_word' id='word_1_429' title='bbox 1757 2953 1760 2955; x_wconf 3' lang='lat' dir='ltr'>a</span> 
     </span>
    </p>
   </div>
   <div class='ocr_carea' id='block_1_17' title="bbox 954 2960 1711 3010">
    <p class='ocr_par' dir='ltr' id='par_1_35' title="bbox 954 2960 1711 3010">
     <span class='ocr_line' id='line_1_77' title="bbox 954 2960 1711 3010; baseline -0.001 -14"><span class='ocrx_word' id='word_1_430' title='bbox 954 2965 1168 3010; x_wconf 38' lang='lat' dir='ltr'>&#39;interpretatis</span> <span class='ocrx_word' id='word_1_431' title='bbox 1187 2970 1233 2996; x_wconf 87' lang='lat' dir='ltr'>est</span> <span class='ocrx_word' id='word_1_432' title='bbox 1254 2960 1389 3001; x_wconf 73' lang='lat' dir='ltr'>Madius,</span> <span class='ocrx_word' id='word_1_433' title='bbox 1408 2969 1526 2994; x_wconf 86' lang='lat' dir='ltr'>auctore</span> <span class='ocrx_word' id='word_1_434' title='bbox 1540 2960 1652 2994; x_wconf 78' lang='lat' dir='ltr'>Jasone</span> <span class='ocrx_word' id='word_1_435' title='bbox 1673 2963 1711 2995; x_wconf 80' lang='lat' dir='ltr'>de</span> 
     </span>
    </p>
   </div>
  </div>
 </body>
</html>
