1924 3458
203 299 287 337 556

635 299 696 344 Q.
719 297 1014 343 HORATH'
1051 296 1303 344 FLACCI‘

375 410 436 453 Ut
448 408 536 468 jam
552 426 664 455 nunc
681 414 803 469 dicat,
821 414 909 472 jam
929 430 1041 458 nunc
1062 416 1252 458 debentia
1271 415 1356 458 diei

372 485 570 543 Pleraque
590 488 763 543 differat,
788 499 829 532 et
847 505 1023 547 pnesens
1043 491 1087 532 in
1106 499 1267 547 tempus
1286 491 1459 533 omittat.

258 564 314 601 45

374 560 425 603 In
444 562 574 603 verbis
595 563 720 605 etiam
740 565 874 607 tenuis
894 573 1115 621 cautusque
1131 565 1322 618 serendis,

372 635 471 679 Hoc
491 645 615 690 amet,
634 637 715 680 hoc
734 646 896 694 spernat
913 638 1101 694 promissi
1121 639 1311 681 carminis
1331 646 1483 681 auctor.

372 709 538 753 Dixeris
558 712 733 768 egregie,
754 720 898 754 notum
914 712 948 753 si
968 712 1116 754 callida
1133 714 1304 755 verbum

373 785 613 829 Reddiderit
624 785 817 843 junctura
836 800 1003 827 novum.
1062 785 1108 826 Si
1128 787 1230 827 forte
1250 801 1414 828 necesse
1434 795 1494 829 est

372 860 542 902 Iudiciis
563 868 786 903 monstrare
807 859 1037 901 recentibus
1054 859 1192 901 abdita
1212 875 1361 914 rerum,

198 908 315 977 ⁵50

373 933 550 990 Fingere
571 935 761 976 cinctutis
780 948 865 975 non
884 933 1074 975 exaudita
1090 933 1283 989 Cethegis

372 1011 620 1066 Continget3
653 1009 895 1065 dabiturque
914 1008 1083 1050 licentia
1102 1016 1237 1050 sumta
1255 1009 1468 1065 pudenter.

369 1084 428 1126 Et
447 1098 551 1125 nova
569 1083 745 1140 fictaque
766 1097 896 1139 nuper
915 1083 1126 1125 habebunt
1144 1084 1267 1126 verba
1286 1083 1426 1137 fidem,
1449 1084 1483 1125 si

372 1157 523 1200 Graeeo
543 1159 654 1200 fonte
673 1159 836 1211 cadant,
858 1172 980 1214 parce
999 1157 1180 1200 detorta:
1214 1158 1312 1215 quid
1332 1165 1471 1200 autem

199 1296 239 1323 43
254 1299 309 1332 pro
324 1301 416 1328 nunc,
432 1300 493 1321 non
510 1291 544 1322 V.
561 1291 603 1321 D.
619 1289 699 1321 haud
714 1291 786 1323 MS.
803 1292 920 1323 Bersm.
934 1297 962 1323 et
985 1292 1111 1323 Helmst.

239 1335 441 1418 gieztlss'abric.
461 1388 498 1409 ex
519 1378 618 1410 MSS.
641 1378 741 1409 Bentl.
760 1378 838 1410 Can.

239 1419 312 1461 Eff-

219 1572 220 1576 ,
242 1546 282 1571 43
299 1540 376 1571 Jam
391 1551 471 1572 nunc
484 1541 574 1579 dicat,
589 1539 662 1582 jam
676 1553 756 1573 nunc
770 1540 903 1583 differat,
917 1540 949 1572 h.

199 1593 226 1613 e.
284 1581 442 1614 Lectorem
471 1584 582 1615 incerta
607 1585 827 1626 exspectatione
856 1584 949 1622 ludat,

198 1625 245 1656 vel
268 1633 302 1656 ut
316 1626 404 1667 vulgo
419 1627 556 1665 dicimus,
572 1627 732 1658 tantalizet.
775 1628 852 1659 Jam
871 1639 951 1658 nunc

222 1679 255 1699 ro
269 1669 353 1699 modo
368 1676 421 1699 est.
455 1669 527 1710 [Vix
538 1670 624 1711 capio
638 1681 706 1711 quae
721 1670 798 1701 dicat
814 1669 871 1701 hoc
883 1670 950 1701 loco

199 1680 356 1743 Bentieius
367 1719 434 1753 post
456 1715 478 1730 “
492 1713 573 1743 mille
589 1713 711 1743 anuos.”
756 1712 879 1743 Nodum
915 1725 951 1744 u-

199 1761 233 1785 to
248 1755 278 1784 in
294 1755 390 1796 scirpo
400 1755 528 1797 quaerit]
576 1756 641 1787 Hoc
656 1767 673 1786 s
692 1761 787 1794 ernat,
802 1755 834 1787 h.
851 1767 877 1786 e.
915 1767 951 1787 oc

200 1798 330 1835 omittat,
361 1798 406 1828 vel
436 1809 496 1829 non
524 1798 612 1830 dicat.

199 1839 386 1879 Μιτάληψις.

245 1885 390 1915 Delmatia
405 1884 474 1920 dici,
490 1894 557 1924 quae
572 1885 703 1926 proxime
714 1884 839 1915 dicenda
853 1884 951 1916 venie-

199 1927 291 1958 bant:
315 1925 336 1958 ἃ
349 1926 474 1966 ἔμελλεν
488 1927 586 1958 εἰπεῖν.

245 1977 283 2003 45
302 1969 426 2001 Sextum
439 1980 618 2013 praeccptum
634 1978 691 2009 est,
702 1969 753 2001 De
767 1970 861 2001 verbis
872 1977 951 2001 vete·-

200 2013 282 2044 ribus
302 2023 332 2044 et
350 2014 442 2044 novis.
473 2012 511 2044 B.
554 2013 670 2044 Admisi
693 2014 950 2055 transpositionem

199 2054 421 2094 Bendeianam,
444 2056 606 2087 remedium
632 2068 748 2098 magnae
772 2056 951 2087 difficultatis

199 2098 354 2137 blandum,
366 2099 444 2141 quod
463 2100 572 2138 sciunt,
584 2100 635 2140 qui
650 2100 849 2138 observarunt,
864 2099 952 2130 libra-

199 2142 269 2180 ῐὶοε,
285 2143 382 2184 siquid
397 2144 427 2173 in
449 2142 551 2173 ordine
576 2151 652 2173 esset
670 2150 835 2185 peccatum,
857 2154 895 2173 ne
918 2143 956 2173 li«

199 2185 286 2216 brum
302 2185 501 2216 deformarent
513 2186 611 2224 litura,
625 2186 749 2216 minutis
770 2187 847 2216 notis
861 2196 953 2228 appo-

200 2229 263 2260 sitis
274 2239 374 2260 verum
389 2229 522 2260 ordinem
532 2229 763 2267 demonstrasse3
787 2229 851 2259 ilias
865 2239 953 2272 porro

200 2272 317 2302 notulas
342 2272 381 2303 ob
406 2273 582 2302 tenuitatem
606 2273 770 2310 evanuisse,
785 2272 864 2303 salvo
888 2273 952 2315 ipso

199 2322 339 2346 contextu
353 2315 493 2346 orationis
507 2315 711 2358 pinguioribus
726 2315 818 2346 literis
832 2316 951 2358 scripto.

243 2401 350 2432 Tenuis
357 2414 371 2440 ‚·
393 2412 486 2440 rarus,
501 2400 682 2444 infrequens.
705 2400 745 2433 B.
767 2400 868 2432 Immo
882 2401 954 2433 sub-

197 2444 267 2475 tilis.
289 2444 330 2474 G.

242 2483 390 2525 Sermlis,
419 2488 638 2530 propagandis,
669 2487 824 2530 ponendis.
882 2486 952 2519 Vet.

199 2528 303 2561 Schol.
325 2529 415 2571 Cruq.
448 2529 487 2561 B.
533 2531 626 2562 Verba
651 2540 754 2568 serere,
777 2530 866 2573 εἴρειν,
880 2541 953 2562 con-

199 2583 330 2611 nectere,
346 2573 426 2604 unde
440 2584 534 2605 sermo
549 2574 664 2604 dicitur.
685 2572 842 2604 Deliberet
851 2581 951 2615 poeta,

200 2617 279 2658 quod
295 2616 415 2647 verbum
432 2615 489 2647 hoc
503 2617 549 2648 vei
564 2617 616 2648 illo
629 2617 697 2647 loco
711 2623 815 2659 ponat,
830 2617 883 2647 ubi
898 2628 950 2659 ap-

200 2660 259 2690 tius
284 2660 321 2690 sit
345 2670 439 2690 unum
463 2660 565 2692 altero.
607 2659 778 2690 Universim
809 2661 890 2691 enim
912 2661 949 2691 de

696 1800 783 1831 'sitata
811 1798 877 1830 haec
906 1806 952 1830 est

199 2702 355 2733 verborum
371 2702 489 2734 delectu
503 2705 611 2746 angitur,
628 2703 659 2734 in
674 2713 735 2744 quo
757 2707 871 2734 tenuem
886 2714 949 2734 esse
973 2707 975 2710 ”

196 2745 284 2785 jubet
296 2745 437 2776 Horatius
451 2748 570 2788 poetam
588 2745 623 2777 h.
638 2757 665 2777 e.
681 2746 821 2776 subtilem
836 2754 867 2776 et
881 2758 952 2778 cau-

201 2793 276 2819 tum.
320 2787 479 2830 speciatim
495 2790 600 2820 deinde
616 2790 652 2820 de
669 2790 780 2820 novatis
795 2790 866 2831 egit.
888 2790 929 2821 G.

211 2840 213 2844 ’
245 2835 286 2861 46
303 2832 366 2862 Hoc
380 2837 470 2870 amet,
483 2833 536 2864 hoc
550 2837 671 2875 spernat
680 2844 694 2870 ,·
715 2831 747 2863 h.
763 2843 790 2863 e.
805 2833 950 2863 rationem

200 2871 310 2904 habeat
321 2884 422 2904 eorum
438 2886 505 2916 quae
520 2876 566 2906 vel
581 2876 670 2912 dicat,
678 2875 724 2905 vel
739 2877 951 2917 praetermittat.

222 2929 225 2931 ’
243 2916 397 2955 Promissi,
412 2917 462 2948 diu
473 2919 633 2960 exspectati
648 2925 678 2949 et
693 2929 745 2960 per
757 2917 814 2949 hoc
829 2920 951 2962 egregii.

207 2973 214 2978 ν
244 2964 283 2994 47
302 2959 448 3000 Egregie,·
471 2962 644 2992 muiracum
656 2961 753 2992 laude.

244 3001 324 3033 Ordo
347 3008 389 3034 est
395 3015 409 3042 ;
431 3003 468 3034 Si
499 3005 607 3036 callida
623 3003 773 3045 junctura
796 3005 951 3040 reddiderit

427 1341 469 1368 49
483 1343 592 1371 rerum,
612 1342 640 1364 et
659 1335 762 1365 Lamh.
786 1334 875 1366 Glar.
891 1341 918 1366 et
933 1336 978 1366 ita
989 1336 1143 1377 continget
1158 1336 1198 1365 ad
1214 1347 1233 1366 a

1197 1297 1239 1323 46
1254 1297 1323 1323 ante
1338 1298 1377 1323 45
1390 1297 1509 1334 ponunt
1523 1303 1622 1325 omnes
1631 1299 1743 1336 praeter

1308 1336 1354 1366 sin
1370 1335 1506 1376 refertur.
1595 1344 1634 1369 52
1651 1336 1742 1368 facta-

926 1385 966 1410 53
990 1378 1096 1409 cadent
1123 1377 1164 1409 G.
1192 1379 1299 1410 Lamb.
1326 1379 1426 1410 Bentl.
1447 1389 1501 1421 per
1522 1385 1552 1409 te
1573 1389 1631 1423 pro
1655 1391 1743 1423 pmce

992 1546 1095 1572 notum
1118 1543 1238 1573 verLum
1261 1552 1384 1580 novum,
1399 1549 1434 1573 ut
1458 1543 1609 1585 superiore
1635 1542 1752 1582 saeculo·

992 1584 1122 1615 ostendit
1140 1584 1236 1615 ‚Iason
1263 1585 1299 1615 de
1326 1584 1424 1616 Nores
1440 1586 1575 1628 Cyprius.
1623 1585 1744 1617 Callida

982 1626 1152 1668 junctura‚·
1176 1629 1195 1658 i.
1210 1639 1237 1658 e.
1281 1628 1414 1668 Elegans
1444 1637 1471 1660 et
1494 1639 1573 1660 nova
1594 1628 1742 1659 Elocutz'o.

993 1669 1061 1701 Vet.
1076 1669 1178 1700 Schol.
1351 1699 1364 1706 l

1037 1720 1078 1746 49
1111 1713 1249 1744 Iudiciis:
1287 1714 1444 1752 concinne,
1473 1713 1554 1756 quod
1582 1721 1744 1756 sequantur

993 1761 1158 1787 monstrata
1173 1764 1204 1786 et
1218 1757 1329 1787 abdita.
1770 1791 1771 1797 ἵ

1036 1800 1146 1830 Abdita
1175 1810 1285 1837 rerum,
1312 1797 1491 1829 Lucretiana
1519 1799 1661 1831 Elocutio
1687 1807 1747 1840 est,-

994 1853 1048 1884 pro
1072 1853 1117 1873 res
1141 1842 1267 1881 abditas,
1291 1840 1323 1873 h.
1339 1853 1365 1873 e.
1382 1841 1526 1873 hactenus
1549 1843 1692 1883 occultas,
1714 1851 1745 1874 et

992 1896 1045 1928 per
1058 1884 1129 1921 hoc,
1141 1896 1238 1915 novas.

1037 1935 1078 1959 50
1097 1928 1245 1959 Cinctutis
1254 1940 1266 1966 ‚·
1290 1927 1466 1958 contemtim
1477 1928 1574 1969 posuit
1589 1929 1672 1969 quasi
1688 1939 1743 1959 nu·-

992 1971 1046 2002 dis.
1094 1971 1252 2008 Cinctutz's‚
1269 1973 1407 2002 exsertis.-
1432 1971 1609 2012 Exscrtique
1634 1982 1743 2003 manus

993 2024 1102 2045 vesana
1110 2013 1240 2053 Cethegi.
1265 2012 1381 2044 Lucan.
1397 2015 1439 2055 (2.
1453 2013 1538 2055 543.)
1564 2013 1749 2053 Venschol.

994 2068 1030 2087 ex
1042 2055 1114 2087 MS.
1129 2055 1359 2087 Mediolanensi.
1403 2057 1550 2088 Exsertus
1564 2062 1608 2088 est
1621 2058 1673 2099 qui
1680 2056 1752 2089 ma-'

993 2111 1068 2130 num
1078 2104 1105 2130 et
1120 2100 1275 2131 humerum
1291 2101 1375 2130 hahet
1388 2101 1533 2130 nudatum
1545 2113 1554 2131 .·
1590 2101 1657 2132 Ideo
1669 2102 1747 2139 cine-

995 2143 1065 2181 tuti,
1089 2144 1167 2184 quod
1184 2145 1245 2174 loco
1265 2143 1373 2174 tunicae
1399 2143 1538 2181 cinctum,
1558 2142 1590 2174 h.
1612 2155 1639 2174 e.
1665 2155 1746 2175 cam-

1015 2191 1100 2223 estre,
1115 2188 1162 2217 vel
1186 2187 1403 2226 subligaculum
1424 2191 1562 2227 gestaret.
1605 2186 1746 2218 Octavius

1021 2230 1142 2260 ermrius
1157 2228 1194 2259 de
1205 2228 1252 2260 Re
1266 2228 1421 2260 Vestiaria.
1463 2229 1630 2270 Nunquam
1645 2231 1747 2262 tunica

995 2274 1044 2304 usi
1063 2277 1145 2310 sunt,
1171 2273 1234 2303 ideo
1258 2274 1398 2303 cinctutos
1423 2283 1469 2303 eos
1492 2273 1581 2311 dizit,
1604 2274 1744 2314 quoniam

996 2316 1107 2346 cinctus
1117 2320 1160 2346 est
1171 2326 1265 2356 genus
1276 2317 1397 2354 tunicae‚
1411 2314 1495 2356 infla
1504 2321 1607 2358 pectus
1621 2321 1744 2358 aptatae.

995 2357 1067 2389 Vet.
1097 2357 1199 2390 Schol.
1236 2357 1274 2390 Β.
1317 2358 1400 2400 Ergo
1429 2359 1570 2390 cinctutos
1604 2359 1745 2400 Cethegos

995 2402 1068 2432 dixit
1091 2409 1126 2432 ut
1140 2400 1207 2433 Car.
1223 2409 1252 2433 2.
1273 2409 1321 2433 15.
1347 2409 1396 2432 11.
1413 2402 1568 2433 Jntonsum
1591 2402 1742 2434 Catonem.

995 2444 1183 2476 vetustatem
1212 2453 1305 2475 notat.
1349 2443 1398 2475 Cf.
1428 2444 1526 2486 Epist.
1551 2451 1582 2475 2.
1608 2452 1639 2476 2.
1672 2451 1743 2482 117.

995 2486 1089 2519 Metti
1104 2498 1191 2518 causa
1206 2487 1256 2519 hic
1271 2488 1433 2519 confictum
1452 2488 1600 2526 cinctutis,
1611 2489 1652 2518 ait
1666 2487 1746 2520 Har—

994 2531 1120 2567 duinus3
1142 2532 1227 2572 quasi
1255 2542 1316 2562 non
1345 2531 1490 2573 potuisset
1518 2532 1672 2563 succinctis
1699 2531 1744 2562 di-

994 2585 1070 2606 cere.
1114 2573 1219 2605 Utitur
1237 2584 1274 2605 eo
1293 2575 1381 2605 etiam
1397 2573 1485 2605 Ovid.
1500 2572 1580 2605 Fast.
1596 2582 1625 2606 5.
1643 2581 1691 2606 10.
1706 2574 1744 2605 de

993 2617 1147 2660 Lupercis.
1169 2617 1209 2649 G.

1037 2668 1073 2692 51
1097 2661 1266 2702 Continget,
1278 2660 1426 2702 obtinget,
1440 2659 1551 2691 licebit.

1035 2705 1193 2742 Pudenter,
1223 2714 1291 2735 cum
1327 2703 1514 2741 verecundia,
1540 2713 1608 2733 cum
1643 2713 1743 2735 causa.

993 2746 1064 2778 Vet.
1080 2746 1183 2777 Schol.

1039 2797 1077 2822 52
1095 2791 1211 2828 Fidem,
1227 2789 1441 2821 auctoritatem.
1462 2787 1531 2819 vet.
1546 2786 1648 2830 Schol.

1038 2840 1077 2865 53
1098 2833 1230 2870 Cadunt,
1245 2832 1389 2870 defluant,
1404 2831 1578 2861 deriventur.

1036 2877 1130 2907 Parce
1137 2877 1251 2907 detorta
1262 2888 1276 2914 ;
1297 2874 1413 2906 modice
1421 2873 1458 2904 de
1468 2874 1529 2904 rivo
1543 2884 1597 2904 suo
1607 2873 1747 2916 deducta„

994 2926 1025 2950 et
1036 2919 1073 2950 ad
1087 2918 1227 2950 Latinam
1245 2917 1371 2948 formam
1386 2916 1443 2947 levi
1455 2917 1574 2958 negotio
1586 2916 1744 2955 declinata,

993 2970 1039 3001 ut,
1054 2973 1081 2993 e.
1096 2973 1127 3004 g.
1169 2960 1358 2997 Triclinium,
1373 2970 1392 2990 a
1406 2957 1573 3002 Τρικλίνιον.

1040 3005 1078 3047 [†
1092 3010 1142 3037 53.
1154 3015 1219 3046 sqq.
1263 3002 1375 3035 Sensus
1395 3010 1458 3035 est:
1502 3002 1603 3035 Licuit
1621 3001 1748 3047 Caecilio,
