<?xml version="1.0" encoding="UTF-8"?>
<!DOCTYPE html PUBLIC "-//W3C//DTD XHTML 1.0 Transitional//EN"
    "http://www.w3.org/TR/xhtml1/DTD/xhtml1-transitional.dtd">
<html xmlns="http://www.w3.org/1999/xhtml" xml:lang="en" lang="en">
 <head>
  <title>
</title>
<meta http-equiv="Content-Type" content="text/html;charset=utf-8" />
  <meta name='ocr-system' content='tesseract 3.04.00' />
  <meta name='ocr-capabilities' content='ocr_page ocr_carea ocr_par ocr_line ocrx_word'/>
</head>
<body>
  <div class='ocr_page' id='page_1' title='image "./eclogaeho00horauoft_0012.png"; bbox 0 0 1950 3626; ppageno 0'>
   <div class='ocr_carea' id='block_1_1' title="bbox 189 310 1415 363">
    <p class='ocr_par' dir='ltr' id='par_1_1' title="bbox 189 310 1415 363">
     <span class='ocr_line' id='line_1_1' title="bbox 189 310 1415 363; baseline 0.006 -10"><span class='ocrx_word' id='word_1_1' title='bbox 189 310 230 354; x_wconf 83' lang='lat' dir='ltr'><strong>vi</strong></span> <span class='ocrx_word' id='word_1_2' title='bbox 517 313 562 358; x_wconf 87' lang='lat' dir='ltr'><strong>J.</strong></span> <span class='ocrx_word' id='word_1_3' title='bbox 602 315 668 360; x_wconf 92' lang='lat' dir='ltr'><strong>M.</strong></span> <span class='ocrx_word' id='word_1_4' title='bbox 711 316 1007 362; x_wconf 86' lang='lat' dir='ltr'><strong>GESNERI</strong></span> <span class='ocrx_word' id='word_1_5' title='bbox 1051 316 1415 363; x_wconf 81' lang='lat' dir='ltr'>PRAEFATIO.</span> 
     </span>
    </p>
   </div>
   <div class='ocr_carea' id='block_1_2' title="bbox 173 436 1735 3033">
    <p class='ocr_par' dir='ltr' id='par_1_2' title="bbox 173 436 1735 1593">
     <span class='ocr_line' id='line_1_2' title="bbox 190 436 1732 511; baseline 0.003 -25"><span class='ocrx_word' id='word_1_6' title='bbox 190 436 361 505; x_wconf 87' lang='lat' dir='ltr'><strong>gantiae</strong></span> <span class='ocrx_word' id='word_1_7' title='bbox 398 440 609 503; x_wconf 80' lang='lat' dir='ltr'><strong>studiosi,</strong></span> <span class='ocrx_word' id='word_1_8' title='bbox 637 444 720 509; x_wconf 90' lang='lat' dir='ltr'><strong>qui</strong></span> <span class='ocrx_word' id='word_1_9' title='bbox 753 447 825 495; x_wconf 90' lang='lat' dir='ltr'><strong>vel</strong></span> <span class='ocrx_word' id='word_1_10' title='bbox 863 462 947 511; x_wconf 89' lang='lat' dir='ltr'><strong>per</strong></span> <span class='ocrx_word' id='word_1_11' title='bbox 971 455 1175 506; x_wconf 84' lang='lat' dir='ltr'><strong>aetatem,</strong></span> <span class='ocrx_word' id='word_1_12' title='bbox 1208 447 1283 496; x_wconf 89' lang='lat' dir='ltr'><strong>vel</strong></span> <span class='ocrx_word' id='word_1_13' title='bbox 1315 462 1400 511; x_wconf 89' lang='lat' dir='ltr'><strong>per</strong></span> <span class='ocrx_word' id='word_1_14' title='bbox 1424 457 1732 511; x_wconf 86' lang='lat' dir='ltr'><strong>quascunque</strong></span> 
     </span>
     <span class='ocr_line' id='line_1_3' title="bbox 188 522 1728 599; baseline 0.003 -27"><span class='ocrx_word' id='word_1_15' title='bbox 188 522 305 573; x_wconf 85' lang='lat' dir='ltr'><strong>alias</strong></span> <span class='ocrx_word' id='word_1_16' title='bbox 322 523 428 575; x_wconf 84' lang='lat' dir='ltr'><strong>vitae</strong></span> <span class='ocrx_word' id='word_1_17' title='bbox 453 543 552 577; x_wconf 83' lang='lat' dir='ltr'><strong>suae</strong></span> <span class='ocrx_word' id='word_1_18' title='bbox 575 528 793 591; x_wconf 86' lang='lat' dir='ltr'><strong>rationes,</strong></span> <span class='ocrx_word' id='word_1_19' title='bbox 810 548 904 580; x_wconf 90' lang='lat' dir='ltr'><strong>non</strong></span> <span class='ocrx_word' id='word_1_20' title='bbox 922 531 1103 597; x_wconf 88' lang='lat' dir='ltr'>possint</span> <span class='ocrx_word' id='word_1_21' title='bbox 1119 530 1232 581; x_wconf 90' lang='lat' dir='ltr'><strong>satis</strong></span> <span class='ocrx_word' id='word_1_22' title='bbox 1250 530 1508 599; x_wconf 88' lang='lat' dir='ltr'><strong>intelligere</strong></span> <span class='ocrx_word' id='word_1_23' title='bbox 1523 536 1728 594; x_wconf 89' lang='lat' dir='ltr'><strong>poetam,</strong></span> 
     </span>
     <span class='ocr_line' id='line_1_4' title="bbox 187 610 1734 681; baseline 0.001 -23"><span class='ocrx_word' id='word_1_24' title='bbox 187 617 463 660; x_wconf 84' lang='lat' dir='ltr'><strong>novatorem</strong></span> <span class='ocrx_word' id='word_1_25' title='bbox 486 610 533 660; x_wconf 92' lang='lat' dir='ltr'><strong>in</strong></span> <span class='ocrx_word' id='word_1_26' title='bbox 553 613 708 663; x_wconf 88' lang='lat' dir='ltr'><strong>verbis</strong></span> <span class='ocrx_word' id='word_1_27' title='bbox 726 632 1080 681; x_wconf 85' lang='lat' dir='ltr'><strong>nonnunquam,</strong></span> <span class='ocrx_word' id='word_1_28' title='bbox 1108 617 1258 666; x_wconf 89' lang='lat' dir='ltr'><strong>multa</strong></span> <span class='ocrx_word' id='word_1_29' title='bbox 1279 633 1306 665; x_wconf 91' lang='lat' dir='ltr'><strong>e</strong></span> <span class='ocrx_word' id='word_1_30' title='bbox 1332 614 1511 665; x_wconf 87' lang='lat' dir='ltr'><strong>Graeco</strong></span> <span class='ocrx_word' id='word_1_31' title='bbox 1530 614 1660 662; x_wconf 89' lang='lat' dir='ltr'><strong>fonte</strong></span> <span class='ocrx_word' id='word_1_32' title='bbox 1679 610 1734 660; x_wconf 90' lang='lat' dir='ltr'><strong>li-</strong></span> 
     </span>
     <span class='ocr_line' id='line_1_5' title="bbox 189 694 1732 764; baseline 0.002 -21"><span class='ocrx_word' id='word_1_33' title='bbox 189 694 372 745; x_wconf 89' lang='lat' dir='ltr'><strong>centius</strong></span> <span class='ocrx_word' id='word_1_34' title='bbox 396 696 702 759; x_wconf 86' lang='lat' dir='ltr'><strong>derivantem,</strong></span> <span class='ocrx_word' id='word_1_35' title='bbox 729 716 857 764; x_wconf 89' lang='lat' dir='ltr'><strong>saepe</strong></span> <span class='ocrx_word' id='word_1_36' title='bbox 889 701 962 755; x_wconf 61' lang='lat' dir='ltr'><strong>ad,</strong></span> <span class='ocrx_word' id='word_1_37' title='bbox 986 701 1203 761; x_wconf 80' lang='lat' dir='ltr'><strong>FabulaS,</strong></span> <span class='ocrx_word' id='word_1_38' title='bbox 1235 699 1490 760; x_wconf 88' lang='lat' dir='ltr'><strong>Historias,</strong></span> <span class='ocrx_word' id='word_1_39' title='bbox 1516 698 1732 764; x_wconf 88' lang='lat' dir='ltr'><strong>Geogra-</strong></span> 
     </span>
     <span class='ocr_line' id='line_1_6' title="bbox 189 778 1734 849; baseline 0.005 -22"><span class='ocrx_word' id='word_1_40' title='bbox 189 778 363 844; x_wconf 89' lang='lat' dir='ltr'><strong>phiam,</strong></span> <span class='ocrx_word' id='word_1_41' title='bbox 416 779 749 849; x_wconf 87' lang='lat' dir='ltr'><strong>Genealogias,</strong></span> <span class='ocrx_word' id='word_1_42' title='bbox 801 781 1037 835; x_wconf 85' lang='lat' dir='ltr'><strong>Personas</strong></span> <span class='ocrx_word' id='word_1_43' title='bbox 1077 803 1164 835; x_wconf 91' lang='lat' dir='ltr'><strong>sua</strong></span> <span class='ocrx_word' id='word_1_44' title='bbox 1199 789 1339 835; x_wconf 84' lang='lat' dir='ltr'><strong>aetate</strong></span> <span class='ocrx_word' id='word_1_45' title='bbox 1386 783 1583 844; x_wconf 85' lang='lat' dir='ltr'><strong>nobiles,</strong></span> <span class='ocrx_word' id='word_1_46' title='bbox 1624 790 1734 847; x_wconf 90' lang='lat' dir='ltr'><strong>post</strong></span> 
     </span>
     <span class='ocr_line' id='line_1_7' title="bbox 188 859 1731 935; baseline 0.003 -23"><span class='ocrx_word' id='word_1_47' title='bbox 188 864 351 929; x_wconf 88' lang='lat' dir='ltr'><strong>paullo</strong></span> <span class='ocrx_word' id='word_1_48' title='bbox 393 864 667 932; x_wconf 85' lang='lat' dir='ltr'><strong>ignorantiae</strong></span> <span class='ocrx_word' id='word_1_49' title='bbox 710 870 918 935; x_wconf 86' lang='lat' dir='ltr'><strong>quadarn</strong></span> <span class='ocrx_word' id='word_1_50' title='bbox 958 879 1098 920; x_wconf 89' lang='lat' dir='ltr'><strong>nocte</strong></span> <span class='ocrx_word' id='word_1_51' title='bbox 1141 871 1365 935; x_wconf 81' lang='lat' dir='ltr'><strong>sepultas,</strong></span> <span class='ocrx_word' id='word_1_52' title='bbox 1413 859 1731 927; x_wconf 70' lang='lat' dir='ltr'><strong>alludentem3</strong></span> 
     </span>
     <span class='ocr_line' id='line_1_8' title="bbox 188 949 1732 1022; baseline 0.001 -24"><span class='ocrx_word' id='word_1_53' title='bbox 188 949 359 1015; x_wconf 88' lang='lat' dir='ltr'><strong>quibus</strong></span> <span class='ocrx_word' id='word_1_54' title='bbox 383 967 539 1016; x_wconf 87' lang='lat' dir='ltr'><strong>neque</strong></span> <span class='ocrx_word' id='word_1_55' title='bbox 556 961 704 1013; x_wconf 89' lang='lat' dir='ltr'><strong>vacet,</strong></span> <span class='ocrx_word' id='word_1_56' title='bbox 725 970 881 1019; x_wconf 91' lang='lat' dir='ltr'><strong>neque</strong></span> <span class='ocrx_word' id='word_1_57' title='bbox 907 954 1021 1004; x_wconf 85' lang='lat' dir='ltr'><strong>alias</strong></span> <span class='ocrx_word' id='word_1_58' title='bbox 1041 954 1275 1022; x_wconf 85' lang='lat' dir='ltr'><strong>integrum</strong></span> <span class='ocrx_word' id='word_1_59' title='bbox 1296 954 1356 1003; x_wconf 91' lang='lat' dir='ltr'><strong>sit</strong></span> <span class='ocrx_word' id='word_1_60' title='bbox 1379 954 1438 1002; x_wconf 91' lang='lat' dir='ltr'><strong>ad</strong></span> <span class='ocrx_word' id='word_1_61' title='bbox 1459 952 1575 1001; x_wconf 87' lang='lat' dir='ltr'><strong>alios</strong></span> <span class='ocrx_word' id='word_1_62' title='bbox 1587 952 1732 1001; x_wconf 83' lang='lat' dir='ltr'><strong>libros</strong></span> 
     </span>
     <span class='ocr_line' id='line_1_9' title="bbox 191 1034 1733 1103; baseline 0.002 -21"><span class='ocrx_word' id='word_1_63' title='bbox 191 1034 401 1094; x_wconf 86' lang='lat' dir='ltr'><strong>transire,</strong></span> <span class='ocrx_word' id='word_1_64' title='bbox 425 1052 622 1103; x_wconf 83' lang='lat' dir='ltr'><strong>magnos</strong></span> <span class='ocrx_word' id='word_1_65' title='bbox 645 1039 1011 1089; x_wconf 85' lang='lat' dir='ltr'><strong>commentarios</strong></span> <span class='ocrx_word' id='word_1_66' title='bbox 1035 1040 1237 1099; x_wconf 89' lang='lat' dir='ltr'><strong>volvere,</strong></span> <span class='ocrx_word' id='word_1_67' title='bbox 1259 1038 1339 1103; x_wconf 91' lang='lat' dir='ltr'><strong>qui</strong></span> <span class='ocrx_word' id='word_1_68' title='bbox 1364 1037 1628 1103; x_wconf 83' lang='lat' dir='ltr'><strong>praesertim</strong></span> <span class='ocrx_word' id='word_1_69' title='bbox 1652 1037 1733 1085; x_wconf 88' lang='lat' dir='ltr'><strong>de-</strong></span> 
     </span>
     <span class='ocr_line' id='line_1_10' title="bbox 173 1117 1733 1188; baseline 0.003 -22"><span class='ocrx_word' id='word_1_70' title='bbox 173 1117 387 1168; x_wconf 78' lang='lat' dir='ltr'><strong>stituant</strong></span> <span class='ocrx_word' id='word_1_71' title='bbox 411 1136 553 1184; x_wconf 83' lang='lat' dir='ltr'><strong>saepe,</strong></span> <span class='ocrx_word' id='word_1_72' title='bbox 579 1122 660 1171; x_wconf 88' lang='lat' dir='ltr'><strong>ubi</strong></span> <span class='ocrx_word' id='word_1_73' title='bbox 685 1122 874 1172; x_wconf 78' lang='lat' dir='ltr'><strong>minime</strong></span> <span class='ocrx_word' id='word_1_74' title='bbox 902 1141 1025 1188; x_wconf 92' lang='lat' dir='ltr'><strong>opus</strong></span> <span class='ocrx_word' id='word_1_75' title='bbox 1049 1132 1163 1182; x_wconf 85' lang='lat' dir='ltr'><strong>erat,</strong></span> <span class='ocrx_word' id='word_1_76' title='bbox 1199 1123 1466 1182; x_wconf 89' lang='lat' dir='ltr'><strong>studiosos;</strong></span> <span class='ocrx_word' id='word_1_77' title='bbox 1505 1123 1594 1170; x_wconf 90' lang='lat' dir='ltr'><strong>hac</strong></span> <span class='ocrx_word' id='word_1_78' title='bbox 1619 1138 1733 1187; x_wconf 86' lang='lat' dir='ltr'><strong>ergo</strong></span> 
     </span>
     <span class='ocr_line' id='line_1_11' title="bbox 189 1201 1734 1271; baseline 0.003 -21"><span class='ocrx_word' id='word_1_79' title='bbox 189 1201 460 1252; x_wconf 88' lang='lat' dir='ltr'><strong>conditione</strong></span> <span class='ocrx_word' id='word_1_80' title='bbox 478 1221 586 1253; x_wconf 91' lang='lat' dir='ltr'><strong>cum</strong></span> <span class='ocrx_word' id='word_1_81' title='bbox 614 1214 663 1254; x_wconf 91' lang='lat' dir='ltr'><strong>et</strong></span> <span class='ocrx_word' id='word_1_82' title='bbox 685 1208 838 1271; x_wconf 89' lang='lat' dir='ltr'><strong>major</strong></span> <span class='ocrx_word' id='word_1_83' title='bbox 859 1216 909 1256; x_wconf 91' lang='lat' dir='ltr'><strong>et</strong></span> <span class='ocrx_word' id='word_1_84' title='bbox 931 1206 1137 1255; x_wconf 87' lang='lat' dir='ltr'><strong>nobilior.</strong></span> <span class='ocrx_word' id='word_1_85' title='bbox 1157 1223 1266 1271; x_wconf 89' lang='lat' dir='ltr'><strong>pars</strong></span> <span class='ocrx_word' id='word_1_86' title='bbox 1289 1206 1350 1254; x_wconf 91' lang='lat' dir='ltr'><strong>sit</strong></span> <span class='ocrx_word' id='word_1_87' title='bbox 1373 1207 1606 1255; x_wconf 88' lang='lat' dir='ltr'><strong>lectorum</strong></span> <span class='ocrx_word' id='word_1_88' title='bbox 1630 1205 1734 1254; x_wconf 89' lang='lat' dir='ltr'><strong>Ho-</strong></span> 
     </span>
     <span class='ocr_line' id='line_1_12' title="bbox 189 1283 1735 1356; baseline 0.004 -23"><span class='ocrx_word' id='word_1_89' title='bbox 189 1283 325 1345; x_wconf 87' lang='lat' dir='ltr'><strong>ratii;</strong></span> <span class='ocrx_word' id='word_1_90' title='bbox 361 1287 569 1351; x_wconf 90' lang='lat' dir='ltr'><strong>optabile</strong></span> <span class='ocrx_word' id='word_1_91' title='bbox 592 1306 722 1342; x_wconf 72' lang='lat' dir='ltr'><strong>‚sane</strong></span> <span class='ocrx_word' id='word_1_92' title='bbox 750 1299 851 1340; x_wconf 85' lang='lat' dir='ltr'><strong>erat</strong></span> <span class='ocrx_word' id='word_1_93' title='bbox 876 1290 1040 1340; x_wconf 90' lang='lat' dir='ltr'><strong>talium</strong></span> <span class='ocrx_word' id='word_1_94' title='bbox 1063 1290 1406 1356; x_wconf 86' lang='lat' dir='ltr'><strong>exemplarium</strong></span> <span class='ocrx_word' id='word_1_95' title='bbox 1444 1298 1630 1339; x_wconf 88' lang='lat' dir='ltr'><strong>exstare</strong></span> <span class='ocrx_word' id='word_1_96' title='bbox 1653 1306 1735 1339; x_wconf 92' lang='lat' dir='ltr'><strong>co-</strong></span> 
     </span>
     <span class='ocr_line' id='line_1_13' title="bbox 188 1369 1734 1439; baseline 0.003 -20"><span class='ocrx_word' id='word_1_97' title='bbox 188 1369 330 1435; x_wconf 86' lang='lat' dir='ltr'><strong>piam,</strong></span> <span class='ocrx_word' id='word_1_98' title='bbox 357 1388 464 1436; x_wconf 87' lang='lat' dir='ltr'><strong>quae</strong></span> <span class='ocrx_word' id='word_1_99' title='bbox 486 1374 665 1434; x_wconf 89' lang='lat' dir='ltr'><strong>breves,</strong></span> <span class='ocrx_word' id='word_1_100' title='bbox 682 1390 741 1423; x_wconf 88' lang='lat' dir='ltr'><strong>ne</strong></span> <span class='ocrx_word' id='word_1_101' title='bbox 765 1385 964 1425; x_wconf 90' lang='lat' dir='ltr'><strong>onerent</strong></span> <span class='ocrx_word' id='word_1_102' title='bbox 985 1384 1034 1425; x_wconf 88' lang='lat' dir='ltr'><strong>et</strong></span> <span class='ocrx_word' id='word_1_103' title='bbox 1056 1375 1185 1424; x_wconf 88' lang='lat' dir='ltr'><strong>velut</strong></span> <span class='ocrx_word' id='word_1_104' title='bbox 1208 1376 1415 1424; x_wconf 89' lang='lat' dir='ltr'><strong>obruant</strong></span> <span class='ocrx_word' id='word_1_105' title='bbox 1430 1374 1587 1439; x_wconf 91' lang='lat' dir='ltr'><strong>ipsum</strong></span> <span class='ocrx_word' id='word_1_106' title='bbox 1610 1374 1734 1424; x_wconf 91' lang='lat' dir='ltr'><strong>Poe-</strong></span> 
     </span>
     <span class='ocr_line' id='line_1_14' title="bbox 187 1455 1730 1526; baseline 0.003 -24"><span class='ocrx_word' id='word_1_107' title='bbox 187 1462 301 1515; x_wconf 88' lang='lat' dir='ltr'><strong>tam‚</strong></span> <span class='ocrx_word' id='word_1_108' title='bbox 328 1455 428 1516; x_wconf 86' lang='lat' dir='ltr'><strong>sed,</strong></span> <span class='ocrx_word' id='word_1_109' title='bbox 457 1468 688 1520; x_wconf 91' lang='lat' dir='ltr'><strong>quantum</strong></span> <span class='ocrx_word' id='word_1_110' title='bbox 712 1460 926 1524; x_wconf 87' lang='lat' dir='ltr'><strong>praestari</strong></span> <span class='ocrx_word' id='word_1_111' title='bbox 946 1469 1116 1526; x_wconf 90' lang='lat' dir='ltr'><strong>potest,</strong></span> <span class='ocrx_word' id='word_1_112' title='bbox 1145 1461 1293 1509; x_wconf 88' lang='lat' dir='ltr'><strong>bonas</strong></span> <span class='ocrx_word' id='word_1_113' title='bbox 1316 1458 1730 1524; x_wconf 85' lang='lat' dir='ltr'><strong>interpretationes</strong></span> 
     </span>
     <span class='ocr_line' id='line_1_15' title="bbox 188 1540 834 1593; baseline 0.012 -8"><span class='ocrx_word' id='word_1_114' title='bbox 188 1553 354 1587; x_wconf 87' lang='lat' dir='ltr'><strong>eorum</strong></span> <span class='ocrx_word' id='word_1_115' title='bbox 379 1540 593 1590; x_wconf 88' lang='lat' dir='ltr'><strong>locorum</strong></span> <span class='ocrx_word' id='word_1_116' title='bbox 614 1543 834 1593; x_wconf 88' lang='lat' dir='ltr'><strong>habeant.</strong></span> 
     </span>
    </p>

    <p class='ocr_par' dir='ltr' id='par_1_3' title="bbox 188 1622 1733 2033">
     <span class='ocr_line' id='line_1_16' title="bbox 254 1622 1733 1693; baseline 0.001 -20"><span class='ocrx_word' id='word_1_117' title='bbox 254 1622 544 1688; x_wconf 78' lang='lat' dir='ltr'><strong>spectabant</strong></span> <span class='ocrx_word' id='word_1_118' title='bbox 566 1628 656 1677; x_wconf 91' lang='lat' dir='ltr'><strong>hoc</strong></span> <span class='ocrx_word' id='word_1_119' title='bbox 681 1628 936 1692; x_wconf 85' lang='lat' dir='ltr'><strong>prudentes</strong></span> <span class='ocrx_word' id='word_1_120' title='bbox 962 1628 1045 1678; x_wconf 72' lang='lat' dir='ltr'><strong>viri</strong></span> <span class='ocrx_word' id='word_1_121' title='bbox 1068 1628 1150 1693; x_wconf 89' lang='lat' dir='ltr'><strong>qui</strong></span> <span class='ocrx_word' id='word_1_122' title='bbox 1171 1628 1412 1693; x_wconf 86' lang='lat' dir='ltr'><strong>Delphino</strong></span> <span class='ocrx_word' id='word_1_123' title='bbox 1435 1636 1537 1677; x_wconf 91' lang='lat' dir='ltr'><strong>tum</strong></span> <span class='ocrx_word' id='word_1_124' title='bbox 1564 1644 1665 1687; x_wconf 85' lang='lat' dir='ltr'><strong>suo,</strong></span> <span class='ocrx_word' id='word_1_125' title='bbox 1683 1636 1733 1676; x_wconf 90' lang='lat' dir='ltr'><strong>et</strong></span> 
     </span>
     <span class='ocr_line' id='line_1_17' title="bbox 188 1710 1733 1779; baseline 0.002 -22"><span class='ocrx_word' id='word_1_126' title='bbox 188 1724 274 1773; x_wconf 89' lang='lat' dir='ltr'><strong>per</strong></span> <span class='ocrx_word' id='word_1_127' title='bbox 310 1710 436 1759; x_wconf 90' lang='lat' dir='ltr'><strong>hunc</strong></span> <span class='ocrx_word' id='word_1_128' title='bbox 475 1711 696 1762; x_wconf 87' lang='lat' dir='ltr'><strong>studiosis</strong></span> <span class='ocrx_word' id='word_1_129' title='bbox 730 1713 934 1778; x_wconf 87' lang='lat' dir='ltr'><strong>reliquis,</strong></span> <span class='ocrx_word' id='word_1_130' title='bbox 970 1714 1126 1779; x_wconf 87' lang='lat' dir='ltr'><strong>parari</strong></span> <span class='ocrx_word' id='word_1_131' title='bbox 1153 1713 1392 1778; x_wconf 87' lang='lat' dir='ltr'><strong>jubebant</strong></span> <span class='ocrx_word' id='word_1_132' title='bbox 1432 1729 1614 1773; x_wconf 88' lang='lat' dir='ltr'><strong>eorum,</strong></span> <span class='ocrx_word' id='word_1_133' title='bbox 1649 1711 1733 1776; x_wconf 90' lang='lat' dir='ltr'><strong>qui</strong></span> 
     </span>
     <span class='ocr_line' id='line_1_18' title="bbox 188 1793 1732 1862; baseline 0.002 -19"><span class='ocrx_word' id='word_1_134' title='bbox 188 1794 370 1845; x_wconf 88' lang='lat' dir='ltr'><strong>classici</strong></span> <span class='ocrx_word' id='word_1_135' title='bbox 404 1793 645 1857; x_wconf 86' lang='lat' dir='ltr'><strong>vocantur,</strong></span> <span class='ocrx_word' id='word_1_136' title='bbox 690 1797 967 1847; x_wconf 86' lang='lat' dir='ltr'><strong>Latinorum</strong></span> <span class='ocrx_word' id='word_1_137' title='bbox 1009 1798 1294 1862; x_wconf 87' lang='lat' dir='ltr'><strong>scriptorum</strong></span> <span class='ocrx_word' id='word_1_138' title='bbox 1335 1797 1595 1847; x_wconf 89' lang='lat' dir='ltr'><strong>editiones:</strong></span> <span class='ocrx_word' id='word_1_139' title='bbox 1644 1797 1732 1846; x_wconf 90' lang='lat' dir='ltr'><strong>sed</strong></span> 
     </span>
     <span class='ocr_line' id='line_1_19' title="bbox 190 1881 1731 1948; baseline 0.002 -20"><span class='ocrx_word' id='word_1_140' title='bbox 190 1888 420 1943; x_wconf 88' lang='lat' dir='ltr'><strong>quantum</strong></span> <span class='ocrx_word' id='word_1_141' title='bbox 450 1882 497 1930; x_wconf 93' lang='lat' dir='ltr'><strong>h.</strong></span> <span class='ocrx_word' id='word_1_142' title='bbox 526 1898 569 1931; x_wconf 94' lang='lat' dir='ltr'><strong>e.</strong></span> <span class='ocrx_word' id='word_1_143' title='bbox 599 1899 743 1947; x_wconf 89' lang='lat' dir='ltr'><strong>quam</strong></span> <span class='ocrx_word' id='word_1_144' title='bbox 779 1900 946 1948; x_wconf 85' lang='lat' dir='ltr'><strong>parum</strong></span> <span class='ocrx_word' id='word_1_145' title='bbox 968 1882 1182 1947; x_wconf 84' lang='lat' dir='ltr'><strong>quidam,</strong></span> <span class='ocrx_word' id='word_1_146' title='bbox 1209 1900 1353 1947; x_wconf 89' lang='lat' dir='ltr'><strong>quam</strong></span> <span class='ocrx_word' id='word_1_147' title='bbox 1378 1882 1490 1931; x_wconf 87' lang='lat' dir='ltr'><strong>nihil</strong></span> <span class='ocrx_word' id='word_1_148' title='bbox 1516 1881 1731 1947; x_wconf 86' lang='lat' dir='ltr'><strong>plerique</strong></span> 
     </span>
     <span class='ocr_line' id='line_1_20' title="bbox 188 1963 1611 2033; baseline 0.002 -21"><span class='ocrx_word' id='word_1_149' title='bbox 188 1963 487 2027; x_wconf 85' lang='lat' dir='ltr'><strong>profecerint,</strong></span> <span class='ocrx_word' id='word_1_150' title='bbox 515 1983 643 2032; x_wconf 78' lang='lat' dir='ltr'><strong>saepe</strong></span> <span class='ocrx_word' id='word_1_151' title='bbox 657 1968 761 2033; x_wconf 89' lang='lat' dir='ltr'><strong>jam</strong></span> <span class='ocrx_word' id='word_1_152' title='bbox 786 1968 999 2017; x_wconf 84' lang='lat' dir='ltr'><strong>homines</strong></span> <span class='ocrx_word' id='word_1_153' title='bbox 1018 1967 1189 2017; x_wconf 75' lang='lat' dir='ltr'><strong>eruditi</strong></span> <span class='ocrx_word' id='word_1_154' title='bbox 1216 1966 1462 2031; x_wconf 90' lang='lat' dir='ltr'><strong>conquesti</strong></span> <span class='ocrx_word' id='word_1_155' title='bbox 1487 1975 1611 2016; x_wconf 90' lang='lat' dir='ltr'><strong>sunt.</strong></span> 
     </span>
    </p>

    <p class='ocr_par' dir='ltr' id='par_1_4' title="bbox 186 2049 1732 3033">
     <span class='ocr_line' id='line_1_21' title="bbox 257 2049 1728 2117; baseline 0.001 -18"><span class='ocrx_word' id='word_1_156' title='bbox 257 2049 462 2100; x_wconf 86' lang='lat' dir='ltr'><strong>Horatio</strong></span> <span class='ocrx_word' id='word_1_157' title='bbox 486 2050 599 2100; x_wconf 89' lang='lat' dir='ltr'><strong>illud</strong></span> <span class='ocrx_word' id='word_1_158' title='bbox 624 2053 874 2102; x_wconf 89' lang='lat' dir='ltr'><strong>commode</strong></span> <span class='ocrx_word' id='word_1_159' title='bbox 899 2062 1072 2117; x_wconf 85' lang='lat' dir='ltr'><strong>praeter</strong></span> <span class='ocrx_word' id='word_1_160' title='bbox 1096 2053 1351 2117; x_wconf 90' lang='lat' dir='ltr'><strong>plerosque</strong></span> <span class='ocrx_word' id='word_1_161' title='bbox 1373 2051 1560 2111; x_wconf 89' lang='lat' dir='ltr'><strong>accidit,</strong></span> <span class='ocrx_word' id='word_1_162' title='bbox 1600 2052 1728 2116; x_wconf 92' lang='lat' dir='ltr'><strong>quod</strong></span> 
     </span>
     <span class='ocr_line' id='line_1_22' title="bbox 187 2133 1731 2201; baseline 0.002 -19"><span class='ocrx_word' id='word_1_163' title='bbox 187 2133 363 2183; x_wconf 90' lang='lat' dir='ltr'><strong>inventi</strong></span> <span class='ocrx_word' id='word_1_164' title='bbox 388 2144 499 2185; x_wconf 90' lang='lat' dir='ltr'><strong>sunt</strong></span> <span class='ocrx_word' id='word_1_165' title='bbox 522 2145 704 2186; x_wconf 88' lang='lat' dir='ltr'><strong>mature</strong></span> <span class='ocrx_word' id='word_1_166' title='bbox 730 2135 1060 2197; x_wconf 88' lang='lat' dir='ltr'><strong>Grammatici,</strong></span> <span class='ocrx_word' id='word_1_167' title='bbox 1089 2135 1170 2201; x_wconf 92' lang='lat' dir='ltr'><strong>qui</strong></span> <span class='ocrx_word' id='word_1_168' title='bbox 1194 2136 1268 2185; x_wconf 90' lang='lat' dir='ltr'><strong>vel</strong></span> <span class='ocrx_word' id='word_1_169' title='bbox 1286 2135 1480 2185; x_wconf 87' lang='lat' dir='ltr'><strong>nomina</strong></span> <span class='ocrx_word' id='word_1_170' title='bbox 1506 2135 1731 2186; x_wconf 87' lang='lat' dir='ltr'><strong>Horatia·</strong></span> 
     </span>
     <span class='ocr_line' id='line_1_23' title="bbox 187 2218 1732 2285; baseline 0.003 -19"><span class='ocrx_word' id='word_1_171' title='bbox 187 2234 256 2266; x_wconf 86' lang='lat' dir='ltr'><strong>na.</strong></span> <span class='ocrx_word' id='word_1_172' title='bbox 272 2218 401 2268; x_wconf 88' lang='lat' dir='ltr'><strong>libris</strong></span> <span class='ocrx_word' id='word_1_173' title='bbox 425 2221 730 2285; x_wconf 87' lang='lat' dir='ltr'><strong>explicarent,</strong></span> <span class='ocrx_word' id='word_1_174' title='bbox 756 2223 830 2271; x_wconf 84' lang='lat' dir='ltr'><strong>vel</strong></span> <span class='ocrx_word' id='word_1_175' title='bbox 868 2222 1049 2272; x_wconf 85' lang='lat' dir='ltr'><strong>scholia</strong></span> <span class='ocrx_word' id='word_1_176' title='bbox 1086 2230 1136 2270; x_wconf 90' lang='lat' dir='ltr'><strong>et</strong></span> <span class='ocrx_word' id='word_1_177' title='bbox 1167 2220 1516 2270; x_wconf 88' lang='lat' dir='ltr'><strong>Annotationes</strong></span> <span class='ocrx_word' id='word_1_178' title='bbox 1557 2220 1732 2270; x_wconf 89' lang='lat' dir='ltr'><strong>scribe-</strong></span> 
     </span>
     <span class='ocr_line' id='line_1_24' title="bbox 187 2303 1730 2371; baseline 0.002 -20"><span class='ocrx_word' id='word_1_179' title='bbox 187 2310 305 2362; x_wconf 86' lang='lat' dir='ltr'><strong>rent,</strong></span> <span class='ocrx_word' id='word_1_180' title='bbox 326 2303 499 2368; x_wconf 92' lang='lat' dir='ltr'><strong>quibus</strong></span> <span class='ocrx_word' id='word_1_181' title='bbox 514 2321 573 2355; x_wconf 88' lang='lat' dir='ltr'><strong>ea</strong></span> <span class='ocrx_word' id='word_1_182' title='bbox 593 2306 699 2356; x_wconf 88' lang='lat' dir='ltr'><strong>loca</strong></span> <span class='ocrx_word' id='word_1_183' title='bbox 715 2306 1021 2367; x_wconf 84' lang='lat' dir='ltr'><strong>declararent,</strong></span> <span class='ocrx_word' id='word_1_184' title='bbox 1040 2323 1149 2371; x_wconf 88' lang='lat' dir='ltr'><strong>quae</strong></span> <span class='ocrx_word' id='word_1_185' title='bbox 1167 2304 1505 2354; x_wconf 87' lang='lat' dir='ltr'><strong>obscuritatem</strong></span> <span class='ocrx_word' id='word_1_186' title='bbox 1521 2304 1730 2369; x_wconf 87' lang='lat' dir='ltr'><strong>aliquam</strong></span> 
     </span>
     <span class='ocr_line' id='line_1_25' title="bbox 186 2387 1729 2455; baseline 0.001 -19"><span class='ocrx_word' id='word_1_187' title='bbox 186 2388 247 2436; x_wconf 90' lang='lat' dir='ltr'><strong>ab</strong></span> <span class='ocrx_word' id='word_1_188' title='bbox 290 2387 359 2450; x_wconf 90' lang='lat' dir='ltr'><strong>iis,</strong></span> <span class='ocrx_word' id='word_1_189' title='bbox 398 2406 519 2455; x_wconf 93' lang='lat' dir='ltr'><strong>quas</strong></span> <span class='ocrx_word' id='word_1_190' title='bbox 561 2391 932 2441; x_wconf 87' lang='lat' dir='ltr'><strong>commemoravi</strong></span> <span class='ocrx_word' id='word_1_191' title='bbox 975 2391 1135 2450; x_wconf 91' lang='lat' dir='ltr'><strong>modo,</strong></span> <span class='ocrx_word' id='word_1_192' title='bbox 1171 2389 1326 2439; x_wconf 88' lang='lat' dir='ltr'><strong>causis</strong></span> <span class='ocrx_word' id='word_1_193' title='bbox 1367 2398 1729 2448; x_wconf 86' lang='lat' dir='ltr'><strong>contraxerant;</strong></span> 
     </span>
     <span class='ocr_line' id='line_1_26' title="bbox 187 2473 1732 2541; baseline 0 -19"><span class='ocrx_word' id='word_1_194' title='bbox 187 2473 267 2538; x_wconf 90' lang='lat' dir='ltr'><strong>qui</strong></span> <span class='ocrx_word' id='word_1_195' title='bbox 290 2484 570 2539; x_wconf 64' lang='lat' dir='ltr'><strong>praestarent</strong></span> <span class='ocrx_word' id='word_1_196' title='bbox 599 2475 816 2535; x_wconf 84' lang='lat' dir='ltr'><strong>Horatio,</strong></span> <span class='ocrx_word' id='word_1_197' title='bbox 833 2475 965 2541; x_wconf 90' lang='lat' dir='ltr'><strong>quod</strong></span> <span class='ocrx_word' id='word_1_198' title='bbox 989 2491 1077 2524; x_wconf 92' lang='lat' dir='ltr'><strong>suo</strong></span> <span class='ocrx_word' id='word_1_199' title='bbox 1097 2473 1309 2524; x_wconf 89' lang='lat' dir='ltr'><strong>Boilavio</strong></span> <span class='ocrx_word' id='word_1_200' title='bbox 1323 2482 1489 2522; x_wconf 89' lang='lat' dir='ltr'><strong>nostra</strong></span> <span class='ocrx_word' id='word_1_201' title='bbox 1501 2473 1732 2522; x_wconf 86' lang='lat' dir='ltr'><strong>memoria</strong></span> 
     </span>
     <span class='ocr_line' id='line_1_27' title="bbox 189 2557 1730 2627; baseline -0.001 -19"><span class='ocrx_word' id='word_1_202' title='bbox 189 2559 419 2622; x_wconf 64' lang='lat' dir='ltr'><strong>praestitit,</strong></span> <span class='ocrx_word' id='word_1_203' title='bbox 446 2562 508 2610; x_wconf 90' lang='lat' dir='ltr'><strong>ab</strong></span> <span class='ocrx_word' id='word_1_204' title='bbox 530 2560 634 2626; x_wconf 89' lang='lat' dir='ltr'><strong>ipso</strong></span> <span class='ocrx_word' id='word_1_205' title='bbox 658 2560 850 2627; x_wconf 90' lang='lat' dir='ltr'><strong>adjutus</strong></span> <span class='ocrx_word' id='word_1_206' title='bbox 875 2568 1084 2617; x_wconf 86' lang='lat' dir='ltr'><strong>auctore,</strong></span> <span class='ocrx_word' id='word_1_207' title='bbox 1115 2558 1411 2616; x_wconf 88' lang='lat' dir='ltr'><strong>Brossettus;</strong></span> <span class='ocrx_word' id='word_1_208' title='bbox 1450 2557 1586 2622; x_wconf 86' lang='lat' dir='ltr'><strong>cujus</strong></span> <span class='ocrx_word' id='word_1_209' title='bbox 1621 2559 1730 2606; x_wconf 89' lang='lat' dir='ltr'><strong>abs·</strong></span> 
     </span>
     <span class='ocr_line' id='line_1_28' title="bbox 189 2638 1728 2710; baseline 0 -18"><span class='ocrx_word' id='word_1_210' title='bbox 189 2660 283 2708; x_wconf 91' lang='lat' dir='ltr'><strong>que</strong></span> <span class='ocrx_word' id='word_1_211' title='bbox 337 2645 691 2705; x_wconf 88' lang='lat' dir='ltr'><strong>commentario,</strong></span> <span class='ocrx_word' id='word_1_212' title='bbox 741 2653 915 2710; x_wconf 88' lang='lat' dir='ltr'><strong>quotus</strong></span> <span class='ocrx_word' id='word_1_213' title='bbox 934 2643 1171 2708; x_wconf 89' lang='lat' dir='ltr'><strong>·quisque</strong></span> <span class='ocrx_word' id='word_1_214' title='bbox 1217 2638 1467 2690; x_wconf 87' lang='lat' dir='ltr'><strong>Gallorum</strong></span> <span class='ocrx_word' id='word_1_215' title='bbox 1517 2641 1728 2706; x_wconf 89' lang='lat' dir='ltr'><strong>ipsorum</strong></span> 
     </span>
     <span class='ocr_line' id='line_1_29' title="bbox 189 2725 1726 2797; baseline 0.001 -22"><span class='ocrx_word' id='word_1_216' title='bbox 189 2727 330 2776; x_wconf 89' lang='lat' dir='ltr'><strong>hodie</strong></span> <span class='ocrx_word' id='word_1_217' title='bbox 366 2727 644 2797; x_wconf 84' lang='lat' dir='ltr'><strong>intelligeret</strong></span> <span class='ocrx_word' id='word_1_218' title='bbox 667 2728 965 2779; x_wconf 85' lang='lat' dir='ltr'><strong>Boilavium?</strong></span> <span class='ocrx_word' id='word_1_219' title='bbox 1034 2725 1365 2791; x_wconf 89' lang='lat' dir='ltr'><strong>Antiquissimi</strong></span> <span class='ocrx_word' id='word_1_220' title='bbox 1396 2742 1510 2792; x_wconf 80' lang='lat' dir='ltr'><strong>ergo</strong></span> <span class='ocrx_word' id='word_1_221' title='bbox 1544 2742 1726 2786; x_wconf 87' lang='lat' dir='ltr'><strong>eorum,</strong></span> 
     </span>
     <span class='ocr_line' id='line_1_30' title="bbox 190 2810 1729 2881; baseline 0 -21"><span class='ocrx_word' id='word_1_222' title='bbox 190 2827 310 2875; x_wconf 89' lang='lat' dir='ltr'><strong>quos</strong></span> <span class='ocrx_word' id='word_1_223' title='bbox 335 2813 472 2862; x_wconf 90' lang='lat' dir='ltr'><strong>hodie</strong></span> <span class='ocrx_word' id='word_1_224' title='bbox 492 2813 778 2864; x_wconf 88' lang='lat' dir='ltr'><strong>Scholiastes</strong></span> <span class='ocrx_word' id='word_1_225' title='bbox 792 2813 983 2881; x_wconf 86' lang='lat' dir='ltr'><strong>vulgato</strong></span> <span class='ocrx_word' id='word_1_226' title='bbox 1002 2811 1192 2863; x_wconf 86' lang='lat' dir='ltr'><strong>nomine</strong></span> <span class='ocrx_word' id='word_1_227' title='bbox 1212 2811 1525 2875; x_wconf 83' lang='lat' dir='ltr'><strong>appellamus,</strong></span> <span class='ocrx_word' id='word_1_228' title='bbox 1546 2810 1729 2860; x_wconf 89' lang='lat' dir='ltr'><strong>discere</strong></span> 
     </span>
     <span class='ocr_line' id='line_1_31' title="bbox 192 2896 1730 2962; baseline 0.001 -19"><span class='ocrx_word' id='word_1_229' title='bbox 192 2896 341 2944; x_wconf 90' lang='lat' dir='ltr'><strong>multa</strong></span> <span class='ocrx_word' id='word_1_230' title='bbox 377 2913 433 2945; x_wconf 87' lang='lat' dir='ltr'><strong>ex</strong></span> <span class='ocrx_word' id='word_1_231' title='bbox 478 2898 668 2949; x_wconf 90' lang='lat' dir='ltr'><strong>senibus</strong></span> <span class='ocrx_word' id='word_1_232' title='bbox 699 2899 772 2949; x_wconf 91' lang='lat' dir='ltr'><strong>vel</strong></span> <span class='ocrx_word' id='word_1_233' title='bbox 806 2914 865 2948; x_wconf 85' lang='lat' dir='ltr'><strong>ex</strong></span> <span class='ocrx_word' id='word_1_234' title='bbox 901 2897 1032 2947; x_wconf 90' lang='lat' dir='ltr'><strong>libris</strong></span> <span class='ocrx_word' id='word_1_235' title='bbox 1069 2904 1300 2962; x_wconf 88' lang='lat' dir='ltr'><strong>poterant,</strong></span> <span class='ocrx_word' id='word_1_236' title='bbox 1328 2912 1530 2959; x_wconf 89' lang='lat' dir='ltr'><strong>quorum</strong></span> <span class='ocrx_word' id='word_1_237' title='bbox 1562 2905 1730 2962; x_wconf 78' lang='lat' dir='ltr'><strong>postea</strong></span> 
     </span>
     <span class='ocr_line' id='line_1_32' title="bbox 193 2982 684 3033; baseline 0.008 -4"><span class='ocrx_word' id='word_1_238' title='bbox 193 2982 419 3031; x_wconf 82' lang='lat' dir='ltr'><strong>memoria</strong></span> <span class='ocrx_word' id='word_1_239' title='bbox 436 2982 684 3033; x_wconf 86' lang='lat' dir='ltr'><strong>intercidit.</strong></span> 
     </span>
    </p>
   </div>
  </div>
 </body>
</html>
