1950 3626
907 764 978 799 DE

200 901 756 968 TEMPORIBUS
813 908 1270 967 LIBRORUM
1325 903 1687 963 HORATII

913 1115 977 1146 ΕΤ

572 1261 614 1315 P
631 1260 1059 1315 OEMATUM
1098 1259 1324 1315 ADEO

671 1465 849 1509 RICH.
889 1465 1222 1509 BENTLEII

791 1638 1109 1676 SENTENTIA.

181 1823 398 1873 MAGNO
422 1822 614 1887 quidem
637 1822 795 1872 studio
831 1833 882 1873 et
917 1823 1149 1873 acerrima
1174 1823 1475 1874 contentione
1498 1831 1608 1889 post
1626 1823 1723 1874 Ta-

178 1908 376 1973 naquilli
421 1907 564 1957 Fabri
609 1922 804 1972 operam
849 1907 1096 1957 clarissimi
1131 1908 1219 1956 viri
1258 1908 1494 1958 Dacerius
1531 1907 1723 1957 Masso-

179 2009 364 2058 nusque
385 1993 434 2042 in
457 1994 579 2042 hanc
614 2009 808 2041 arenam
846 1993 1222 2053 descenderunt;
1258 2010 1464 2058 quorum
1498 1992 1724 2057 equidem

180 2095 381 2128 acumen
403 2089 453 2129 et
474 2079 789 2129 eruditionem
814 2079 863 2128 in
887 2079 1104 2144 partibus
1138 2077 1313 2138 laudo;
1350 2077 1399 2126 in
1429 2076 1587 2141 operis
1613 2092 1725 2125 vero

182 2180 370 2212 summa
392 2172 591 2228 totoque
615 2164 948 2213 constituendo
971 2180 1073 2213 rem
1092 2179 1175 2212 eos
1196 2162 1446 2212 infeliciter
1463 2162 1725 2212 admodum

181 2246 381 2312 gessisse
402 2263 590 2296 censeo.
666 2247 857 2297 Horum
880 2247 1007 2297 enim
1035 2246 1313 2308 rationibus,
1340 2256 1389 2296 et
1420 2246 1724 2297 Carminibus

182 2315 233 2379 et
256 2330 439 2394 Epodis
461 2341 511 2380 et
538 2331 847 2380 Sermonibus
878 2331 1204 2396 Epistulisque
1237 2331 1497 2380 scribendis
1535 2347 1631 2380 uno
1668 2346 1726 2379 ac

182 2415 354 2464 eodem
380 2424 598 2481 ternpore
630 2415 873 2464 vacavisse
910 2416 1149 2465 Nostrum
1184 2431 1379 2464 necesse
1417 2424 1517 2475 est;
1551 2423 1601 2463 et
1632 2414 1726 2463 sin—
1790 2457 1803 2467 ,

180 2499 294 2564 gula
339 2515 544 2562 quaeque
594 2498 842 2548 Poematia
885 2499 1140 2564 separatim
1185 2498 1232 2547 in
1278 2500 1446 2565 vulgus
1486 2497 1724 2559 edidisse3

183 2598 387 2646 quorum
425 2590 677 2646 utrumque
716 2600 747 2631 a
780 2599 891 2632 vero
932 2583 1138 2632 alienum
1178 2598 1284 2631 esse
1316 2581 1432 2630 mihi
1473 2598 1563 2646 pro
1596 2598 1727 2632 com-

184 2674 323 2730 perto
370 2674 456 2715 est.
549 2666 746 2731 Quippe
801 2666 1037 2727 omnibus,
1089 2666 1171 2731 qui
1214 2665 1448 2731 ejusmodi
1494 2665 1728 2717 Poemata

184 2749 488 2814 scripserunt,
513 2750 562 2799 id
585 2750 635 2798 in
657 2756 789 2800 more
813 2759 928 2811 erat,
967 2760 1021 2800 ut
1052 2767 1148 2800 non
1170 2767 1360 2815 sparsas
1384 2749 1603 2816 Eclogas,
1640 2750 1725 2801 sed

184 2833 392 2901 integros
415 2834 599 2885 libellos
633 2837 781 2885 semel
814 2836 1052 2901 simulque
1086 2836 1135 2885 in
1171 2837 1327 2885 lucem
1366 2835 1573 2884 ederent.
1647 2834 1728 2884 Ita

187 2916 411 2969 Catullus
445 2920 570 2981 fecit,
611 2929 664 2971 ut
691 2937 751 2970 ex
781 2921 1138 2989 Epigrammate
1173 2920 1216 2970 Ι.
1255 2928 1456 2982 constat,
1482 2917 1579 2970 Cui
1610 2919 1726 2969 dono

189 3002 386 3069 lepidum
409 3018 579 3056 novum
601 3005 834 3057 Libellum
847 3026 863 3057 :
896 3006 966 3057 ita
985 3005 1197 3058 Tibullus
1207 3025 1229 3066 ;
1262 3021 1406 3071 quem
1427 3003 1536 3053 vide
1559 3002 1727 3072 Elegia
