1950 3626
644 723 1158 783 WILLIELMI
1212 729 1603 785 BAXTERI

884 904 1326 980 'PRAEFATIO

781 1077 1087 1118 EDITIONI
1126 1080 1442 1120 SECUNDAE

854 1233 990 1266 mND.
1015 1243 1027 1267 1
1035 1241 1107 1272 725.
1128 1234 1372 1268 PRAEMISSA.

340 1459 487 1509 Eccn
502 1462 607 1526 jam
631 1463 780 1512 altera
801 1464 905 1513 vice
929 1464 1086 1528 prodit
1102 1464 1149 1512 in
1171 1464 1343 1524 lucem,
1362 1473 1474 1529 post
1497 1465 1601 1528 plus
1619 1464 1779 1532 viginti
1797 1482 1879 1514 an-

337 1563 506 1596 norum
526 1547 746 1612 spatium,
770 1548 998 1598 Horatius
1022 1565 1172 1598 meus.
1247 1548 1306 1596 In
1324 1565 1469 1597 causa
1488 1557 1647 1596 autem
1670 1549 1761 1597 hoc
1778 1550 1879 1599 fue-

335 1639 422 1691 rat,
438 1633 566 1696 quod
582 1634 687 1698 jam
712 1650 974 1698 paucorum
995 1642 1176 1683 teratur
1194 1632 1427 1692 manibus,
1450 1641 1499 1682 et
1517 1632 1649 1695 quod
1670 1634 1878 1696 paucula

333 1728 470 1767 erant
504 1718 815 1780 emendanda,
855 1719 1081 1767 nonnulla
1110 1711 1439 1783 permutanda,
1469 1716 1735 1782 adjicienda
1763 1733 1876 1765 vero

332 1803 484 1866 plura,
525 1803 787 1867 praesertim
828 1812 1083 1868 postquam
1116 1802 1422 1852 Clarissimus
1458 1801 1704 1851 Bentleius
1739 1810 1874 1850 tanto

332 1902 443 1935 cum
465 1886 707 1936 molimine
730 1897 781 1939 et
802 1905 993 1953 pompa,
1030 1887 1215 1937 collatis
1240 1887 1454 1936 omnium
1476 1896 1747 1951 temporum
1775 1885 1872 1935 Ex-

330 1973 620 2038 emplaribus
652 1985 701 2023 et
727 1972 1076 2023 Auctoritatum
1104 1972 1367 2038 Exemplis,
1400 1970 1870 2037 Scriptorem‘istum

327 2058 564 2109 videretur
598 2059 747 2127 magis
783 2058 1077 2124 oppressisse
1102 2074 1247 2122 quam
1271 2057 1542 2105 adornasse.
1551 2042 1567 2067 '⁸
1616 2055 1761 2105 Certe
1782 2071 1869 2103 nos

326 2143 563 2194 diversum
585 2144 781 2213 ingressi
804 2161 966 2194 sumus
990 2143 1105 2203 iter3
1142 2155 1253 2191 nam
1274 2158 1363 2206 pro
1377 2150 1513 2190 curta
1528 2148 1692 2189 nostra
1711 2138 1869 2204 supel-

327 2229 494 2288 lectile,
534 2229 743 2278 contenti
782 2229 955 2278 fuimus
988 2229 1210 2277 flosculos
1246 2226 1481 2291 quosdam
1515 2233 1715 2283 nostros,
1744 2239 1865 2287 quos

326 2330 498 2380 magna
520 2330 579 2362 ex
605 2323 739 2378 parte
766 2315 871 2378 jam
896 2314 1008 2362 olim
1035 2312 1205 2362 vacivis
1226 2312 1421 2376 quidem
1451 2310 1576 2359 horis
1607 2310 1864 2375 collegera-

324 2415 445 2459 mus,
459 2398 509 2447 in
526 2415 674 2447 unum
697 2397 834 2462 quasi
855 2397 1132 2446 fasciculum
1150 2395 1416 2463 congerere,
1434 2394 1721 2459 publicoque
1738 2393 1862 2443 Eru—

321 2484 529 2533 ditorum
554 2485 660 2534 usui
687 2501 983 2550 proponere3
1020 2501 1118 2549 quo
1151 2501 1247 2533 non
1283 2493 1382 2533 tam
1419 2483 1592 2532 scirent
1622 2481 1738 2546 quid
1772 2498 1860 2531 nos

316 2569 407 2633 ipsi
431 2570 726 2630 sentiremuS,
744 2587 889 2634 quam
911 2568 1026 2634 quid
1049 2568 1379 2618 illustrioribus
1406 2567 1594 2616 Horatii
1620 2566 1859 2632 Interpre-

316 2655 457 2715 tibus,
485 2664 583 2705 tam
607 2655 843 2704 veteribus
862 2671 1007 2718 quam
1030 2653 1177 2715 novis,
1201 2670 1286 2718 per
1298 2653 1459 2702 omnia
1471 2661 1688 2717 tempora
1701 2652 1855 2701 visum

314 2739 469 2790 fuerit.
541 2740 705 2804 Atque
735 2739 784 2788 in
806 2739 877 2788 his
904 2739 1058 2788 facem
1082 2738 1219 2788 nobis
1248 2739 1551 2803 praetendunt
1571 2755 1679 2803 quae
1703 2738 1856 2788 credi-

313 2843 420 2874 mus
443 2825 600 2874 adhuc
629 2824 679 2873 in
703 2823 952 2873 ruderibus
973 2832 1161 2872 exstare
1185 2832 1396 2872 veterum
1427 2823 1714 2873 scholiorum
1751 2824 1854 2873 He-

311 2909 421 2958 lenii
450 2908 653 2958 Acronis
676 2908 1025 2973 Pomponiique
1049 2907 1388 2975 Porphyrionis
1413 2907 1667 2974 Excerpta.
1741 2907 1848 2957 Hos

310 2994 432 3045 viros
462 2994 678 3044 floruisse
702 3002 856 3044 stante
888 2993 1043 3043 adhuc
1067 2992 1265 3042 deorum
1290 2993 1420 3043 cultu
1440 2994 1517 3042 vel
1546 3010 1607 3043 ex
1635 2993 1846 3058 ipsorum
