<?xml version="1.0" encoding="UTF-8"?>
<!DOCTYPE html PUBLIC "-//W3C//DTD XHTML 1.0 Transitional//EN"
    "http://www.w3.org/TR/xhtml1/DTD/xhtml1-transitional.dtd">
<html xmlns="http://www.w3.org/1999/xhtml" xml:lang="en" lang="en">
 <head>
  <title>
</title>
<meta http-equiv="Content-Type" content="text/html;charset=utf-8" />
  <meta name='ocr-system' content='tesseract 3.04.00' />
  <meta name='ocr-capabilities' content='ocr_page ocr_carea ocr_par ocr_line ocrx_word'/>
</head>
<body>
  <div class='ocr_page' id='page_1' title='image "./eclogaeho00horauoft_0628.png"; bbox 0 0 1924 3458; ppageno 0'>
   <div class='ocr_carea' id='block_1_1' title="bbox 215 314 297 352">
    <p class='ocr_par' dir='ltr' id='par_1_1' title="bbox 215 314 297 352">
     <span class='ocr_line' id='line_1_1' title="bbox 215 314 297 352; baseline 0.012 -1"><span class='ocrx_word' id='word_1_1' title='bbox 215 314 297 352; x_wconf 84' lang='lat'><strong>576</strong></span> 
     </span>
    </p>
   </div>
   <div class='ocr_carea' id='block_1_2' title="bbox 683 482 882 496">
    <p class='ocr_par' dir='ltr' id='par_1_2' title="bbox 683 482 882 496">
     <span class='ocr_line' id='line_1_2' title="bbox 683 482 882 496; baseline 0 2962"><span class='ocrx_word' id='word_1_2' title='bbox 683 482 882 496; x_wconf 95' lang='lat' dir='ltr'><strong> </strong></span> 
     </span>
    </p>
   </div>
   <div class='ocr_carea' id='block_1_3' title="bbox 658 311 1309 361">
    <p class='ocr_par' dir='ltr' id='par_1_3' title="bbox 658 311 1309 361">
     <span class='ocr_line' id='line_1_3' title="bbox 658 311 1309 361; baseline -0.002 0"><span class='ocrx_word' id='word_1_3' title='bbox 658 314 712 361; x_wconf 85' lang='lat' dir='ltr'><strong>Q.</strong></span> <span class='ocrx_word' id='word_1_4' title='bbox 747 311 1033 359; x_wconf 88' lang='lat' dir='ltr'>HORATII</span> <span class='ocrx_word' id='word_1_5' title='bbox 1070 314 1309 360; x_wconf 86' lang='lat' dir='ltr'><strong>FLACCI</strong></span> 
     </span>
    </p>
   </div>
   <div class='ocr_carea' id='block_1_4' title="bbox 244 419 1471 640">
    <p class='ocr_par' dir='ltr' id='par_1_4' title="bbox 244 419 1471 640">
     <span class='ocr_line' id='line_1_4' title="bbox 363 419 1391 568; baseline 0.001 -77"><span class='ocrx_word' id='word_1_6' title='bbox 363 419 684 568; x_wconf 51' lang='lat' dir='ltr'><strong>&#39;O-Q-—AEne</strong></span> <span class='ocrx_word' id='word_1_7' title='bbox 544 427 639 471; x_wconf 59' lang='lat' dir='ltr'>‘¹¹¹st</span> <span class='ocrx_word' id='word_1_8' title='bbox 685 438 856 474; x_wconf 66' lang='lat' dir='ltr'><strong>unctum</strong></span> <span class='ocrx_word' id='word_1_9' title='bbox 877 432 1391 495; x_wconf 34' lang='lat' dir='ltr'><strong>qqimfflififfqiss..sslile„ffplfflz</strong></span> 
     </span>
     <span class='ocr_line' id='line_1_5' title="bbox 386 501 1370 564; baseline 0.005 -21"><span class='ocrx_word' id='word_1_10' title='bbox 386 501 607 545; x_wconf 90' lang='lat' dir='ltr'><strong>Lectorem</strong></span> <span class='ocrx_word' id='word_1_11' title='bbox 627 505 880 560; x_wconf 90' lang='lat' dir='ltr'><strong>delectando,</strong></span> <span class='ocrx_word' id='word_1_12' title='bbox 903 507 1131 564; x_wconf 82' lang='lat' dir='ltr'><strong>pariterque</strong></span> <span class='ocrx_word' id='word_1_13' title='bbox 1151 507 1370 550; x_wconf 87' lang='lat' dir='ltr'><strong>monendo.</strong></span> 
     </span>
     <span class='ocr_line' id='line_1_6' title="bbox 244 576 1471 640; baseline 0.006 -23"><span class='ocrx_word' id='word_1_14' title='bbox 244 579 327 618; x_wconf 77' lang='lat'><strong>345</strong></span> <span class='ocrx_word' id='word_1_15' title='bbox 385 576 474 619; x_wconf 92' lang='lat' dir='ltr'><strong>Hic</strong></span> <span class='ocrx_word' id='word_1_16' title='bbox 493 586 624 621; x_wconf 90' lang='lat' dir='ltr'><strong>meret</strong></span> <span class='ocrx_word' id='word_1_17' title='bbox 638 594 719 622; x_wconf 83' lang='lat' dir='ltr'><strong>aera</strong></span> <span class='ocrx_word' id='word_1_18' title='bbox 738 581 841 623; x_wconf 86' lang='lat' dir='ltr'><strong>liber</strong></span> <span class='ocrx_word' id='word_1_19' title='bbox 855 581 1004 634; x_wconf 79' lang='lat' dir='ltr'><strong>Sosiis3</strong></span> <span class='ocrx_word' id='word_1_20' title='bbox 1034 581 1104 623; x_wconf 90' lang='lat' dir='ltr'><strong>hic</strong></span> <span class='ocrx_word' id='word_1_21' title='bbox 1123 588 1164 623; x_wconf 91' lang='lat' dir='ltr'><strong>et</strong></span> <span class='ocrx_word' id='word_1_22' title='bbox 1183 579 1471 640; x_wconf 15' lang='lat' dir='ltr'><strong>matevvtffisssjssy</strong></span> 
     </span>
    </p>
   </div>
   <div class='ocr_carea' id='block_1_5' title="bbox 1038 629 1199 642">
    <p class='ocr_par' dir='ltr' id='par_1_5' title="bbox 1038 629 1199 642">
     <span class='ocr_line' id='line_1_7' title="bbox 1038 629 1199 642; baseline 0 0"><span class='ocrx_word' id='word_1_23' title='bbox 1038 629 1158 642; x_wconf 49' lang='lat' dir='ltr'><strong>u—a-fflm&#39;-</strong></span> <span class='ocrx_word' id='word_1_24' title='bbox 1167 631 1199 635; x_wconf 48' lang='grc'><strong>·“·’</strong></span> 
     </span>
    </p>
   </div>
   <div class='ocr_carea' id='block_1_6' title="bbox 384 650 1751 932">
    <p class='ocr_par' dir='ltr' id='par_1_6' title="bbox 384 650 1325 712">
     <span class='ocr_line' id='line_1_8' title="bbox 384 650 1325 712; baseline 0.004 -18"><span class='ocrx_word' id='word_1_25' title='bbox 384 650 443 694; x_wconf 86' lang='lat' dir='ltr'><strong>Et</strong></span> <span class='ocrx_word' id='word_1_26' title='bbox 461 654 631 709; x_wconf 88' lang='lat' dir='ltr'><strong>longum</strong></span> <span class='ocrx_word' id='word_1_27' title='bbox 650 662 748 697; x_wconf 92' lang='lat' dir='ltr'><strong>noto</strong></span> <span class='ocrx_word' id='word_1_28' title='bbox 766 655 951 712; x_wconf 85' lang='lat' dir='ltr'><strong>scriptori</strong></span> <span class='ocrx_word' id='word_1_29' title='bbox 970 663 1159 712; x_wconf 87' lang='lat' dir='ltr'><strong>prorogat</strong></span> <span class='ocrx_word' id='word_1_30' title='bbox 1177 670 1325 698; x_wconf 86' lang='lat' dir='ltr'><strong>aevum.</strong></span> 
     </span>
    </p>

    <p class='ocr_par' dir='ltr' id='par_1_7' title="bbox 386 726 1418 785">
     <span class='ocr_line' id='line_1_9' title="bbox 386 726 1418 785; baseline 0.003 -17"><span class='ocrx_word' id='word_1_31' title='bbox 386 726 493 769; x_wconf 88' lang='lat' dir='ltr'>Sunt</span> <span class='ocrx_word' id='word_1_32' title='bbox 512 728 661 771; x_wconf 85' lang='lat' dir='ltr'><strong>delicta</strong></span> <span class='ocrx_word' id='word_1_33' title='bbox 679 736 818 771; x_wconf 87' lang='lat' dir='ltr'><strong>tamen</strong></span> <span class='ocrx_word' id='word_1_34' title='bbox 838 730 985 785; x_wconf 90' lang='lat' dir='ltr'><strong>quibus</strong></span> <span class='ocrx_word' id='word_1_35' title='bbox 1004 729 1204 785; x_wconf 87' lang='lat' dir='ltr'><strong>ignovisse</strong></span> <span class='ocrx_word' id='word_1_36' title='bbox 1219 729 1418 771; x_wconf 76' lang='lat' dir='ltr'><strong>velimus:</strong></span> 
     </span>
    </p>

    <p class='ocr_par' dir='ltr' id='par_1_8' title="bbox 384 800 1751 932">
     <span class='ocr_line' id='line_1_10' title="bbox 387 800 1751 858; baseline 0.001 -16"><span class='ocrx_word' id='word_1_37' title='bbox 387 800 502 843; x_wconf 91' lang='lat' dir='ltr'><strong>Nam</strong></span> <span class='ocrx_word' id='word_1_38' title='bbox 518 816 652 858; x_wconf 90' lang='lat' dir='ltr'><strong>neque</strong></span> <span class='ocrx_word' id='word_1_39' title='bbox 672 803 820 845; x_wconf 85' lang='lat' dir='ltr'><strong>chorda</strong></span> <span class='ocrx_word' id='word_1_40' title='bbox 837 817 983 844; x_wconf 88' lang='lat' dir='ltr'><strong>sonum</strong></span> <span class='ocrx_word' id='word_1_41' title='bbox 999 803 1131 844; x_wconf 87' lang='lat' dir='ltr'><strong>reddit</strong></span> <span class='ocrx_word' id='word_1_42' title='bbox 1145 817 1269 858; x_wconf 88' lang='lat' dir='ltr'><strong>quem</strong></span> <span class='ocrx_word' id='word_1_43' title='bbox 1289 805 1378 844; x_wconf 88' lang='lat' dir='ltr'><strong>vult</strong></span> <span class='ocrx_word' id='word_1_44' title='bbox 1395 815 1541 844; x_wconf 87' lang='lat' dir='ltr'><strong>manus</strong></span> <span class='ocrx_word' id='word_1_45' title='bbox 1560 807 1602 845; x_wconf 89' lang='lat' dir='ltr'><strong>et</strong></span> <span class='ocrx_word' id='word_1_46' title='bbox 1620 815 1751 853; x_wconf 79' lang='lat' dir='ltr'><strong>menS,</strong></span> 
     </span>
     <span class='ocr_line' id='line_1_11' title="bbox 384 874 1442 932; baseline 0 -15"><span class='ocrx_word' id='word_1_47' title='bbox 384 874 655 932; x_wconf 88' lang='lat' dir='ltr'><strong>Poscentique</strong></span> <span class='ocrx_word' id='word_1_48' title='bbox 673 891 838 932; x_wconf 89' lang='lat' dir='ltr'><strong>gravem</strong></span> <span class='ocrx_word' id='word_1_49' title='bbox 858 891 1038 932; x_wconf 74' lang='lat' dir='ltr'><strong>persaepe</strong></span> <span class='ocrx_word' id='word_1_50' title='bbox 1058 876 1231 918; x_wconf 85' lang='lat' dir='ltr'><strong>remittit</strong></span> <span class='ocrx_word' id='word_1_51' title='bbox 1249 883 1442 927; x_wconf 85' lang='lat' dir='ltr'><strong>acutum3</strong></span> 
     </span>
    </p>
   </div>
   <div class='ocr_carea' id='block_1_7' title="bbox 243 951 328 990">
    <p class='ocr_par' dir='ltr' id='par_1_9' title="bbox 243 951 328 990">
     <span class='ocr_line' id='line_1_12' title="bbox 243 951 328 990; baseline 0.024 -2"><span class='ocrx_word' id='word_1_52' title='bbox 243 951 328 990; x_wconf 78' lang='lat'><strong>350</strong></span> 
     </span>
    </p>
   </div>
   <div class='ocr_carea' id='block_1_8' title="bbox 385 948 1476 1006">
    <p class='ocr_par' dir='ltr' id='par_1_10' title="bbox 385 948 1476 1006">
     <span class='ocr_line' id='line_1_13' title="bbox 385 948 1476 1006; baseline 0.001 -16"><span class='ocrx_word' id='word_1_53' title='bbox 385 948 477 990; x_wconf 91' lang='lat' dir='ltr'><strong>Nec</strong></span> <span class='ocrx_word' id='word_1_54' title='bbox 497 964 657 1006; x_wconf 89' lang='lat' dir='ltr'><strong>semper</strong></span> <span class='ocrx_word' id='word_1_55' title='bbox 675 951 792 992; x_wconf 89' lang='lat' dir='ltr'><strong>feriet</strong></span> <span class='ocrx_word' id='word_1_56' title='bbox 811 951 1083 1006; x_wconf 90' lang='lat' dir='ltr'><strong>quodcunque</strong></span> <span class='ocrx_word' id='word_1_57' title='bbox 1103 949 1328 992; x_wconf 86' lang='lat' dir='ltr'><strong>minabitur</strong></span> <span class='ocrx_word' id='word_1_58' title='bbox 1346 964 1476 991; x_wconf 89' lang='lat' dir='ltr'><strong>arcus.</strong></span> 
     </span>
    </p>
   </div>
   <div class='ocr_carea' id='block_1_9' title="bbox 383 1023 1556 1304">
    <p class='ocr_par' dir='ltr' id='par_1_11' title="bbox 384 1023 1556 1156">
     <span class='ocr_line' id='line_1_14' title="bbox 384 1023 1556 1081; baseline 0 -15"><span class='ocrx_word' id='word_1_59' title='bbox 384 1023 539 1066; x_wconf 91' lang='lat' dir='ltr'><strong>Verum</strong></span> <span class='ocrx_word' id='word_1_60' title='bbox 559 1025 631 1066; x_wconf 92' lang='lat' dir='ltr'><strong>ubi</strong></span> <span class='ocrx_word' id='word_1_61' title='bbox 648 1026 765 1080; x_wconf 88' lang='lat' dir='ltr'><strong>plura</strong></span> <span class='ocrx_word' id='word_1_62' title='bbox 783 1024 916 1066; x_wconf 87' lang='lat' dir='ltr'><strong>nitent</strong></span> <span class='ocrx_word' id='word_1_63' title='bbox 936 1023 980 1066; x_wconf 91' lang='lat' dir='ltr'><strong>in</strong></span> <span class='ocrx_word' id='word_1_64' title='bbox 1001 1024 1196 1077; x_wconf 82' lang='lat' dir='ltr'><strong>carmine,</strong></span> <span class='ocrx_word' id='word_1_65' title='bbox 1217 1039 1301 1066; x_wconf 92' lang='lat' dir='ltr'><strong>non</strong></span> <span class='ocrx_word' id='word_1_66' title='bbox 1321 1038 1399 1081; x_wconf 88' lang='lat' dir='ltr'><strong>ego</strong></span> <span class='ocrx_word' id='word_1_67' title='bbox 1415 1023 1556 1080; x_wconf 85' lang='lat' dir='ltr'><strong>paucis</strong></span> 
     </span>
     <span class='ocr_line' id='line_1_15' title="bbox 385 1097 1311 1156; baseline 0 -16"><span class='ocrx_word' id='word_1_68' title='bbox 385 1097 585 1140; x_wconf 87' lang='lat' dir='ltr'><strong>offendar</strong></span> <span class='ocrx_word' id='word_1_69' title='bbox 604 1099 789 1151; x_wconf 83' lang='lat' dir='ltr'><strong>maculis,</strong></span> <span class='ocrx_word' id='word_1_70' title='bbox 809 1113 908 1156; x_wconf 83' lang='lat' dir='ltr'><strong>quas</strong></span> <span class='ocrx_word' id='word_1_71' title='bbox 927 1105 998 1141; x_wconf 90' lang='lat' dir='ltr'><strong>aut</strong></span> <span class='ocrx_word' id='word_1_72' title='bbox 1015 1098 1172 1141; x_wconf 87' lang='lat' dir='ltr'><strong>incuria</strong></span> <span class='ocrx_word' id='word_1_73' title='bbox 1192 1099 1311 1153; x_wconf 83' lang='lat' dir='ltr'><strong>fudit,</strong></span> 
     </span>
    </p>

    <p class='ocr_par' dir='ltr' id='par_1_12' title="bbox 383 1157 1531 1304">
     <span class='ocr_line' id='line_1_16' title="bbox 383 1157 1531 1230; baseline 0.001 -15"><span class='ocrx_word' id='word_1_74' title='bbox 383 1174 469 1216; x_wconf 92' lang='lat' dir='ltr'><strong>Aut</strong></span> <span class='ocrx_word' id='word_1_75' title='bbox 486 1173 666 1215; x_wconf 86' lang='lat' dir='ltr'><strong>humana</strong></span> <span class='ocrx_word' id='word_1_76' title='bbox 685 1187 830 1230; x_wconf 85' lang='lat' dir='ltr'><strong>parum</strong></span> <span class='ocrx_word' id='word_1_77' title='bbox 851 1173 959 1215; x_wconf 88' lang='lat' dir='ltr'><strong>cavit</strong></span> <span class='ocrx_word' id='word_1_78' title='bbox 977 1157 1132 1216; x_wconf 85' lang='lat' dir='ltr'><strong>natura.</strong></span> <span class='ocrx_word' id='word_1_79' title='bbox 1193 1173 1307 1219; x_wconf 85' lang='lat' dir='ltr'><strong>Quid</strong></span> <span class='ocrx_word' id='word_1_80' title='bbox 1326 1188 1423 1230; x_wconf 87' lang='lat' dir='ltr'><strong>ergo</strong></span> <span class='ocrx_word' id='word_1_81' title='bbox 1443 1174 1531 1216; x_wconf 87' lang='lat' dir='ltr'><strong>est?</strong></span> 
     </span>
     <span class='ocr_line' id='line_1_17' title="bbox 384 1247 1344 1304; baseline 0.001 -15"><span class='ocrx_word' id='word_1_82' title='bbox 384 1247 444 1289; x_wconf 93' lang='lat' dir='ltr'><strong>Ut</strong></span> <span class='ocrx_word' id='word_1_83' title='bbox 463 1248 633 1304; x_wconf 87' lang='lat' dir='ltr'><strong>scriptor</strong></span> <span class='ocrx_word' id='word_1_84' title='bbox 651 1248 685 1289; x_wconf 90' lang='lat' dir='ltr'><strong>si</strong></span> <span class='ocrx_word' id='word_1_85' title='bbox 704 1255 850 1304; x_wconf 88' lang='lat' dir='ltr'><strong>peccat</strong></span> <span class='ocrx_word' id='word_1_86' title='bbox 869 1248 979 1291; x_wconf 91' lang='lat' dir='ltr'><strong>idem</strong></span> <span class='ocrx_word' id='word_1_87' title='bbox 999 1248 1183 1290; x_wconf 83' lang='lat' dir='ltr'><strong>librarius</strong></span> <span class='ocrx_word' id='word_1_88' title='bbox 1202 1262 1344 1304; x_wconf 88' lang='lat' dir='ltr'><strong>usque,</strong></span> 
     </span>
    </p>
   </div>
   <div class='ocr_carea' id='block_1_10' title="bbox 242 1326 325 1364">
    <p class='ocr_par' dir='ltr' id='par_1_13' title="bbox 242 1326 325 1364">
     <span class='ocr_line' id='line_1_18' title="bbox 242 1326 325 1364; baseline 0.012 -1"><span class='ocrx_word' id='word_1_89' title='bbox 242 1326 325 1364; x_wconf 81' lang='lat'><strong>355</strong></span> 
     </span>
    </p>
   </div>
   <div class='ocr_carea' id='block_1_11' title="bbox 384 1321 1508 1375">
    <p class='ocr_par' dir='ltr' id='par_1_14' title="bbox 384 1321 1508 1375">
     <span class='ocr_line' id='line_1_19' title="bbox 384 1321 1508 1375; baseline 0 -10"><span class='ocrx_word' id='word_1_90' title='bbox 384 1321 582 1367; x_wconf 83' lang='lat' dir='ltr'><strong>Quamvis</strong></span> <span class='ocrx_word' id='word_1_91' title='bbox 602 1328 663 1364; x_wconf 87' lang='lat' dir='ltr'><strong>est</strong></span> <span class='ocrx_word' id='word_1_92' title='bbox 682 1322 874 1375; x_wconf 85' lang='lat' dir='ltr'><strong>monitus,</strong></span> <span class='ocrx_word' id='word_1_93' title='bbox 893 1322 1014 1364; x_wconf 78' lang='lat' dir='ltr'><strong>venia</strong></span> <span class='ocrx_word' id='word_1_94' title='bbox 1033 1330 1143 1364; x_wconf 87' lang='lat' dir='ltr'><strong>caret</strong></span> <span class='ocrx_word' id='word_1_95' title='bbox 1154 1339 1167 1375; x_wconf 84' lang='lat'><em>3</em></span> <span class='ocrx_word' id='word_1_96' title='bbox 1198 1330 1240 1364; x_wconf 88' lang='lat' dir='ltr'><strong>et</strong></span> <span class='ocrx_word' id='word_1_97' title='bbox 1260 1323 1508 1365; x_wconf 75' lang='lat' dir='ltr'><strong>citharoedus</strong></span> 
     </span>
    </p>
   </div>
   <div class='ocr_carea' id='block_1_12' title="bbox 383 1395 1540 1603">
    <p class='ocr_par' dir='ltr' id='par_1_15' title="bbox 383 1395 1540 1603">
     <span class='ocr_line' id='line_1_20' title="bbox 384 1395 1377 1454; baseline 0.001 -16"><span class='ocrx_word' id='word_1_98' title='bbox 384 1395 569 1450; x_wconf 85' lang='lat' dir='ltr'><strong>Ridetur,</strong></span> <span class='ocrx_word' id='word_1_99' title='bbox 586 1396 738 1439; x_wconf 83' lang='lat' dir='ltr'><strong>chorda</strong></span> <span class='ocrx_word' id='word_1_100' title='bbox 757 1397 830 1454; x_wconf 91' lang='lat' dir='ltr'><strong>qui</strong></span> <span class='ocrx_word' id='word_1_101' title='bbox 849 1410 1010 1453; x_wconf 90' lang='lat' dir='ltr'><strong>semper</strong></span> <span class='ocrx_word' id='word_1_102' title='bbox 1028 1398 1187 1439; x_wconf 89' lang='lat' dir='ltr'><strong>oberrat</strong></span> <span class='ocrx_word' id='word_1_103' title='bbox 1206 1398 1350 1440; x_wconf 88' lang='lat' dir='ltr'><strong>eadem</strong></span> <span class='ocrx_word' id='word_1_104' title='bbox 1366 1413 1377 1449; x_wconf 94' lang='lat'>;</span> 
     </span>
     <span class='ocr_line' id='line_1_21' title="bbox 383 1470 1441 1529; baseline 0 -15"><span class='ocrx_word' id='word_1_105' title='bbox 383 1471 455 1514; x_wconf 79' lang='lat' dir='ltr'><strong>Sic</strong></span> <span class='ocrx_word' id='word_1_106' title='bbox 475 1471 594 1524; x_wconf 84' lang='lat' dir='ltr'><strong>mihi,</strong></span> <span class='ocrx_word' id='word_1_107' title='bbox 614 1471 686 1529; x_wconf 93' lang='lat' dir='ltr'><strong>qui</strong></span> <span class='ocrx_word' id='word_1_108' title='bbox 705 1473 884 1514; x_wconf 90' lang='lat' dir='ltr'><strong>multum</strong></span> <span class='ocrx_word' id='word_1_109' title='bbox 904 1478 1045 1525; x_wconf 87' lang='lat' dir='ltr'><strong>cessat,</strong></span> <span class='ocrx_word' id='word_1_110' title='bbox 1063 1470 1111 1513; x_wconf 92' lang='lat' dir='ltr'><strong>fit</strong></span> <span class='ocrx_word' id='word_1_111' title='bbox 1129 1471 1336 1514; x_wconf 83' lang='lat' dir='ltr'><strong>Choerilus</strong></span> <span class='ocrx_word' id='word_1_112' title='bbox 1356 1472 1441 1525; x_wconf 93' lang='lat' dir='ltr'><strong>ille,</strong></span> 
     </span>
     <span class='ocr_line' id='line_1_22' title="bbox 388 1546 1540 1603; baseline 0.001 -14"><span class='ocrx_word' id='word_1_113' title='bbox 388 1546 527 1593; x_wconf 87' lang='lat' dir='ltr'><strong>Quem</strong></span> <span class='ocrx_word' id='word_1_114' title='bbox 546 1547 608 1589; x_wconf 89' lang='lat' dir='ltr'><strong>bis</strong></span> <span class='ocrx_word' id='word_1_115' title='bbox 627 1554 769 1603; x_wconf 88' lang='lat' dir='ltr'><strong>terque</strong></span> <span class='ocrx_word' id='word_1_116' title='bbox 788 1547 946 1588; x_wconf 87' lang='lat' dir='ltr'><strong>bonum</strong></span> <span class='ocrx_word' id='word_1_117' title='bbox 966 1560 1063 1588; x_wconf 90' lang='lat' dir='ltr'><strong>cum</strong></span> <span class='ocrx_word' id='word_1_118' title='bbox 1084 1546 1165 1588; x_wconf 88' lang='lat' dir='ltr'><strong>risu</strong></span> <span class='ocrx_word' id='word_1_119' title='bbox 1185 1546 1337 1600; x_wconf 83' lang='lat' dir='ltr'><strong>miror3</strong></span> <span class='ocrx_word' id='word_1_120' title='bbox 1367 1555 1409 1590; x_wconf 90' lang='lat' dir='ltr'><strong>et</strong></span> <span class='ocrx_word' id='word_1_121' title='bbox 1428 1547 1540 1590; x_wconf 86' lang='lat' dir='ltr'><strong>idem</strong></span> 
     </span>
    </p>
   </div>
   <div class='ocr_carea' id='block_1_13' title="bbox 213 1671 1755 1740">
    <p class='ocr_par' dir='ltr' id='par_1_16' title="bbox 213 1671 1755 1740">
     <span class='ocr_line' id='line_1_23' title="bbox 213 1671 1755 1740; baseline 0.001 -12"><span class='ocrx_word' id='word_1_122' title='bbox 213 1671 277 1728; x_wconf 71' lang='grc'><strong>350</strong></span> <span class='ocrx_word' id='word_1_123' title='bbox 298 1706 484 1738; x_wconf 86' lang='lat' dir='ltr'><strong>quaecunque</strong></span> <span class='ocrx_word' id='word_1_124' title='bbox 509 1694 582 1726; x_wconf 85' lang='lat' dir='ltr'><strong>MS.</strong></span> <span class='ocrx_word' id='word_1_125' title='bbox 607 1694 683 1726; x_wconf 77' lang='lat' dir='ltr'><strong><em>Ach.</em></strong></span> <span class='ocrx_word' id='word_1_126' title='bbox 707 1695 787 1726; x_wconf 81' lang='lat' dir='ltr'><strong>Stat.</strong></span> <span class='ocrx_word' id='word_1_127' title='bbox 812 1705 990 1737; x_wconf 83' lang='lat' dir='ltr'><strong>quocunque</strong></span> <span class='ocrx_word' id='word_1_128' title='bbox 1014 1695 1111 1727; x_wconf 87' lang='lat' dir='ltr'><em>MSS.</em></span> <span class='ocrx_word' id='word_1_129' title='bbox 1138 1702 1157 1727; x_wconf 80' lang='grc'><strong>3</strong></span> <span class='ocrx_word' id='word_1_130' title='bbox 1189 1697 1303 1727; x_wconf 76' lang='lat' dir='ltr'><strong>Bersm.</strong></span> <span class='ocrx_word' id='word_1_131' title='bbox 1346 1697 1512 1738; x_wconf 89' lang='lat' dir='ltr'><strong>cuicunque</strong></span> <span class='ocrx_word' id='word_1_132' title='bbox 1534 1695 1610 1738; x_wconf 82' lang='lat' dir='ltr'><strong>conj.</strong></span> <span class='ocrx_word' id='word_1_133' title='bbox 1635 1698 1755 1740; x_wconf 74' lang='lat' dir='ltr'><strong>Bonsm·</strong></span> 
     </span>
    </p>
   </div>
   <div class='ocr_carea' id='block_1_14' title="bbox 329 1738 1267 1781">
    <p class='ocr_par' dir='ltr' id='par_1_17' title="bbox 329 1738 1267 1781">
     <span class='ocr_line' id='line_1_24' title="bbox 329 1738 1267 1781; baseline 0 -11"><span class='ocrx_word' id='word_1_134' title='bbox 329 1744 392 1770; x_wconf 82' lang='grc'><strong>355</strong></span> <span class='ocrx_word' id='word_1_135' title='bbox 416 1739 454 1770; x_wconf 78' lang='lat' dir='ltr'><strong>sit</strong></span> <span class='ocrx_word' id='word_1_136' title='bbox 468 1739 543 1770; x_wconf 90' lang='lat' dir='ltr'><strong>MS.</strong></span> <span class='ocrx_word' id='word_1_137' title='bbox 557 1738 633 1769; x_wconf 79' lang='lat' dir='ltr'><em>Ach.</em></span> <span class='ocrx_word' id='word_1_138' title='bbox 648 1738 727 1770; x_wconf 79' lang='lat' dir='ltr'><strong>Stat.</strong></span> <span class='ocrx_word' id='word_1_139' title='bbox 737 1748 796 1781; x_wconf 80' lang='lat' dir='ltr'><strong>pro</strong></span> <span class='ocrx_word' id='word_1_140' title='bbox 810 1747 852 1777; x_wconf 89' lang='lat' dir='ltr'><strong>et,</strong></span> <span class='ocrx_word' id='word_1_141' title='bbox 866 1747 902 1770; x_wconf 90' lang='lat' dir='ltr'><strong>ut</strong></span> <span class='ocrx_word' id='word_1_142' title='bbox 916 1740 1016 1770; x_wconf 78' lang='lat' dir='ltr'><strong>Bentl.</strong></span> <span class='ocrx_word' id='word_1_143' title='bbox 1026 1749 1062 1770; x_wconf 79' lang='lat' dir='ltr'><strong>eae</strong></span> <span class='ocrx_word' id='word_1_144' title='bbox 1076 1739 1174 1771; x_wconf 88' lang='lat' dir='ltr'><em>MSS.</em></span> <span class='ocrx_word' id='word_1_145' title='bbox 1189 1740 1267 1772; x_wconf 78' lang='lat' dir='ltr'><strong>Cun.</strong></span> 
     </span>
    </p>
   </div>
   <div class='ocr_carea' id='block_1_15' title="bbox 204 1871 966 2949">
    <p class='ocr_par' dir='ltr' id='par_1_18' title="bbox 204 1871 964 2122">
     <span class='ocr_line' id='line_1_25' title="bbox 257 1871 963 1915; baseline 0.001 -11"><span class='ocrx_word' id='word_1_146' title='bbox 257 1878 318 1904; x_wconf 77' lang='lat'><strong>343</strong></span> <span class='ocrx_word' id='word_1_147' title='bbox 346 1872 442 1904; x_wconf 81' lang='lat' dir='ltr'><strong>Omne</strong></span> <span class='ocrx_word' id='word_1_148' title='bbox 456 1874 525 1904; x_wconf 79' lang='lat' dir='ltr'><strong>tulit</strong></span> <span class='ocrx_word' id='word_1_149' title='bbox 542 1877 700 1915; x_wconf 75' lang='lat' dir='ltr'><strong>punctum,</strong></span> <span class='ocrx_word' id='word_1_150' title='bbox 716 1871 746 1903; x_wconf 92' lang='lat' dir='ltr'><strong>h.</strong></span> <span class='ocrx_word' id='word_1_151' title='bbox 760 1883 787 1903; x_wconf 88' lang='lat' dir='ltr'><strong>e.</strong></span> <span class='ocrx_word' id='word_1_152' title='bbox 829 1872 871 1904; x_wconf 88' lang='lat' dir='ltr'><strong>Et</strong></span> <span class='ocrx_word' id='word_1_153' title='bbox 886 1874 963 1905; x_wconf 88' lang='lat' dir='ltr'><strong>seni-</strong></span> 
     </span>
     <span class='ocr_line' id='line_1_26' title="bbox 214 1915 963 1958; baseline 0 -11"><span class='ocrx_word' id='word_1_154' title='bbox 214 1924 347 1947; x_wconf 85' lang='lat' dir='ltr'><strong>orum.et</strong></span> <span class='ocrx_word' id='word_1_155' title='bbox 363 1916 519 1956; x_wconf 85' lang='lat' dir='ltr'><strong>juniorum</strong></span> <span class='ocrx_word' id='word_1_156' title='bbox 545 1915 693 1958; x_wconf 77' lang='lat' dir='ltr'><strong>suffragia·</strong></span> <span class='ocrx_word' id='word_1_157' title='bbox 738 1915 882 1947; x_wconf 84' lang='lat' dir='ltr'><strong>Omnium</strong></span> <span class='ocrx_word' id='word_1_158' title='bbox 902 1928 963 1948; x_wconf 83' lang='lat' dir='ltr'><strong>me-</strong></span> 
     </span>
     <span class='ocr_line' id='line_1_27' title="bbox 214 1957 962 2000; baseline 0 -10"><span class='ocrx_word' id='word_1_159' title='bbox 214 1960 278 1991; x_wconf 82' lang='lat' dir='ltr'><strong>ruit</strong></span> <span class='ocrx_word' id='word_1_160' title='bbox 303 1958 458 1999; x_wconf 85' lang='lat' dir='ltr'><strong>favorem,</strong></span> <span class='ocrx_word' id='word_1_161' title='bbox 478 1957 575 2000; x_wconf 71' lang='lat' dir='ltr'><strong>juxta</strong></span> <span class='ocrx_word' id='word_1_162' title='bbox 604 1960 713 2000; x_wconf 83' lang='lat' dir='ltr'><strong>Legem</strong></span> <span class='ocrx_word' id='word_1_163' title='bbox 748 1959 780 1991; x_wconf 91' lang='lat' dir='ltr'><em>T</em></span> <span class='ocrx_word' id='word_1_164' title='bbox 776 1960 962 1998; x_wconf 76' lang='lat' dir='ltr'><strong>abellariam,</strong></span> 
     </span>
     <span class='ocr_line' id='line_1_28' title="bbox 215 2003 964 2043; baseline 0.001 -10"><span class='ocrx_word' id='word_1_165' title='bbox 215 2013 285 2043; x_wconf 84' lang='lat' dir='ltr'><strong>quae</strong></span> <span class='ocrx_word' id='word_1_166' title='bbox 310 2007 429 2033; x_wconf 78' lang='lat' dir='ltr'><strong>caverat</strong></span> <span class='ocrx_word' id='word_1_167' title='bbox 454 2013 514 2033; x_wconf 84' lang='lat' dir='ltr'><strong>mm</strong></span> <span class='ocrx_word' id='word_1_168' title='bbox 541 2013 621 2040; x_wconf 86' lang='lat' dir='ltr'><strong>voce,</strong></span> <span class='ocrx_word' id='word_1_169' title='bbox 650 2003 699 2033; x_wconf 76' lang='lat' dir='ltr'><strong>sed</strong></span> <span class='ocrx_word' id='word_1_170' title='bbox 751 2007 837 2034; x_wconf 69' lang='lat' dir='ltr'><strong>uncto</strong></span> <span class='ocrx_word' id='word_1_171' title='bbox 866 2003 964 2034; x_wconf 69' lang='lat' dir='ltr'><strong>dehere</strong></span> 
     </span>
     <span class='ocr_line' id='line_1_29' title="bbox 204 2042 964 2119; baseline 0.001 -43"><span class='ocrx_word' id='word_1_172' title='bbox 204 2044 289 2086; x_wconf 72' lang='lat' dir='ltr'><strong>servi</strong></span> <span class='ocrx_word' id='word_1_173' title='bbox 302 2042 463 2119; x_wconf 79' lang='lat' dir='ltr'><strong>suffiaGgia·</strong></span> <span class='ocrx_word' id='word_1_174' title='bbox 505 2043 576 2076; x_wconf 84' lang='lat' dir='ltr'><strong>Vet.</strong></span> <span class='ocrx_word' id='word_1_175' title='bbox 592 2044 694 2076; x_wconf 85' lang='lat' dir='ltr'><strong>Schol.</strong></span> <span class='ocrx_word' id='word_1_176' title='bbox 740 2069 748 2077; x_wconf 84' lang='lat'><strong><em>.</em></strong></span> <span class='ocrx_word' id='word_1_177' title='bbox 782 2043 851 2077; x_wconf 87' lang='lat' dir='ltr'><strong>Vid.</strong></span> <span class='ocrx_word' id='word_1_178' title='bbox 866 2045 964 2088; x_wconf 85' lang='lat' dir='ltr'><strong>Epist.</strong></span> 
     </span>
     <span class='ocr_line' id='line_1_30' title="bbox 215 2094 427 2122; baseline 0 -3"><span class='ocrx_word' id='word_1_179' title='bbox 215 2094 247 2119; x_wconf 81' lang='lat'><strong>2.</strong></span> <span class='ocrx_word' id='word_1_180' title='bbox 263 2095 295 2119; x_wconf 80' lang='lat'><strong>2.</strong></span> <span class='ocrx_word' id='word_1_181' title='bbox 312 2094 364 2122; x_wconf 84' lang='lat'><strong>99·</strong></span> <span class='ocrx_word' id='word_1_182' title='bbox 419 2110 427 2119; x_wconf 88' lang='grc'><strong>.</strong></span> 
     </span>
    </p>

    <p class='ocr_par' dir='ltr' id='par_1_19' title="bbox 215 2130 964 2205">
     <span class='ocr_line' id='line_1_31' title="bbox 215 2130 964 2205; baseline 0 -43"><span class='ocrx_word' id='word_1_183' title='bbox 215 2172 244 2205; x_wconf 81' lang='lat' dir='ltr'><strong>E</strong></span> <span class='ocrx_word' id='word_1_184' title='bbox 259 2137 322 2162; x_wconf 86' lang='grc'><strong>345</strong></span> <span class='ocrx_word' id='word_1_185' title='bbox 345 2131 450 2170; x_wconf 84' lang='lat' dir='ltr'><strong>Sosiis,</strong></span> <span class='ocrx_word' id='word_1_186' title='bbox 460 2130 638 2173; x_wconf 83' lang='lat' dir='ltr'><strong>bibliopolas</strong></span> <span class='ocrx_word' id='word_1_187' title='bbox 649 2141 716 2162; x_wconf 82' lang='lat' dir='ltr'><strong>suos</strong></span> <span class='ocrx_word' id='word_1_188' title='bbox 726 2132 871 2164; x_wconf 83' lang='lat' dir='ltr'><strong>nominat.</strong></span> <span class='ocrx_word' id='word_1_189' title='bbox 885 2130 964 2163; x_wconf 87' lang='lat' dir='ltr'><strong>Vide</strong></span> 
     </span>
    </p>

    <p class='ocr_par' dir='ltr' id='par_1_20' title="bbox 267 2180 435 2206">
     <span class='ocr_line' id='line_1_32' title="bbox 267 2180 435 2206; baseline 0.006 -2"><span class='ocrx_word' id='word_1_190' title='bbox 267 2197 275 2204; x_wconf 88' lang='lat'>.</span> <span class='ocrx_word' id='word_1_191' title='bbox 293 2181 320 2205; x_wconf 85' lang='lat' dir='ltr'><strong>l.</strong></span> <span class='ocrx_word' id='word_1_192' title='bbox 337 2180 388 2206; x_wconf 83' lang='lat'><strong>20.</strong></span> <span class='ocrx_word' id='word_1_193' title='bbox 404 2180 435 2205; x_wconf 78' lang='lat'><strong>2.</strong></span> 
     </span>
    </p>

    <p class='ocr_par' dir='ltr' id='par_1_21' title="bbox 215 2185 963 2378">
     <span class='ocr_line' id='line_1_33' title="bbox 244 2185 963 2259; baseline 0.003 -12"><span class='ocrx_word' id='word_1_194' title='bbox 244 2185 319 2248; x_wconf 79' lang='lat' dir='ltr'><strong>PHic</strong></span> <span class='ocrx_word' id='word_1_195' title='bbox 333 2222 360 2248; x_wconf 79' lang='lat' dir='ltr'><strong>et</strong></span> <span class='ocrx_word' id='word_1_196' title='bbox 380 2227 463 2248; x_wconf 85' lang='lat' dir='ltr'><strong>mare</strong></span> <span class='ocrx_word' id='word_1_197' title='bbox 485 2218 611 2249; x_wconf 66' lang='lat' dir='ltr'><strong>transit:</strong></span> <span class='ocrx_word' id='word_1_198' title='bbox 633 2228 703 2249; x_wconf 81' lang='lat' dir='ltr'><strong>nam</strong></span> <span class='ocrx_word' id='word_1_199' title='bbox 723 2226 755 2249; x_wconf 77' lang='lat' dir='ltr'><strong>et</strong></span> <span class='ocrx_word' id='word_1_200' title='bbox 768 2218 866 2249; x_wconf 89' lang='lat' dir='ltr'><strong>Graeci</strong></span> <span class='ocrx_word' id='word_1_201' title='bbox 881 2217 963 2259; x_wconf 77' lang='lat' dir='ltr'><strong>hunc</strong></span> 
     </span>
     <span class='ocr_line' id='line_1_34' title="bbox 215 2259 963 2303; baseline 0.004 -13"><span class='ocrx_word' id='word_1_202' title='bbox 215 2259 317 2291; x_wconf 87' lang='lat' dir='ltr'><strong>lecturi</strong></span> <span class='ocrx_word' id='word_1_203' title='bbox 333 2268 413 2298; x_wconf 87' lang='lat' dir='ltr'><strong>sunt,</strong></span> <span class='ocrx_word' id='word_1_204' title='bbox 428 2260 479 2301; x_wconf 89' lang='lat' dir='ltr'><strong>qui</strong></span> <span class='ocrx_word' id='word_1_205' title='bbox 494 2270 558 2291; x_wconf 81' lang='lat' dir='ltr'><strong>raso</strong></span> <span class='ocrx_word' id='word_1_206' title='bbox 572 2260 697 2292; x_wconf 85' lang='lat' dir='ltr'><strong>Latinos</strong></span> <span class='ocrx_word' id='word_1_207' title='bbox 711 2261 800 2292; x_wconf 87' lang='lat' dir='ltr'><strong>libros</strong></span> <span class='ocrx_word' id='word_1_208' title='bbox 816 2270 963 2303; x_wconf 83' lang='lat' dir='ltr'><strong>quaerunt.</strong></span> 
     </span>
     <span class='ocr_line' id='line_1_35' title="bbox 215 2302 963 2347; baseline 0.004 -14"><span class='ocrx_word' id='word_1_209' title='bbox 215 2302 254 2334; x_wconf 91' lang='lat' dir='ltr'><strong>B.</strong></span> <span class='ocrx_word' id='word_1_210' title='bbox 297 2302 432 2334; x_wconf 78' lang='lat' dir='ltr'><strong>Africani</strong></span> <span class='ocrx_word' id='word_1_211' title='bbox 446 2310 525 2334; x_wconf 81' lang='lat' dir='ltr'><strong>certe</strong></span> <span class='ocrx_word' id='word_1_212' title='bbox 540 2305 650 2337; x_wconf 89' lang='lat' dir='ltr'><strong>coloni.</strong></span> <span class='ocrx_word' id='word_1_213' title='bbox 672 2303 742 2336; x_wconf 86' lang='lat' dir='ltr'><strong>Vid.</strong></span> <span class='ocrx_word' id='word_1_214' title='bbox 757 2304 854 2347; x_wconf 85' lang='lat' dir='ltr'><strong>Epist.</strong></span> <span class='ocrx_word' id='word_1_215' title='bbox 867 2311 895 2336; x_wconf 88' lang='lat'><strong>1.</strong></span> <span class='ocrx_word' id='word_1_216' title='bbox 911 2312 963 2338; x_wconf 80' lang='lat'><strong>20.</strong></span> 
     </span>
     <span class='ocr_line' id='line_1_36' title="bbox 218 2345 330 2378; baseline 0.018 -2"><span class='ocrx_word' id='word_1_217' title='bbox 218 2352 267 2377; x_wconf 78' lang='lat'><strong>13.</strong></span> <span class='ocrx_word' id='word_1_218' title='bbox 289 2345 330 2378; x_wconf 91' lang='lat' dir='ltr'><strong>G.</strong></span> 
     </span>
    </p>

    <p class='ocr_par' dir='ltr' id='par_1_22' title="bbox 214 2389 964 2507">
     <span class='ocr_line' id='line_1_37' title="bbox 259 2389 964 2433; baseline 0.003 -13"><span class='ocrx_word' id='word_1_219' title='bbox 259 2394 319 2424; x_wconf 83' lang='grc'><strong>347</strong></span> <span class='ocrx_word' id='word_1_220' title='bbox 344 2389 425 2430; x_wconf 78' lang='lat' dir='ltr'><strong>Sunt</strong></span> <span class='ocrx_word' id='word_1_221' title='bbox 447 2390 553 2421; x_wconf 77' lang='lat' dir='ltr'><strong>delicta</strong></span> <span class='ocrx_word' id='word_1_222' title='bbox 579 2395 699 2423; x_wconf 77' lang='lat' dir='ltr'><strong>tamen:</strong></span> <span class='ocrx_word' id='word_1_223' title='bbox 721 2389 907 2433; x_wconf 79' lang='lat' dir='ltr'><strong>Piaeceptum</strong></span> <span class='ocrx_word' id='word_1_224' title='bbox 922 2392 964 2422; x_wconf 88' lang='lat' dir='ltr'><strong>vi-</strong></span> 
     </span>
     <span class='ocr_line' id='line_1_38' title="bbox 214 2432 964 2473; baseline 0.005 -11"><span class='ocrx_word' id='word_1_225' title='bbox 214 2433 361 2473; x_wconf 87' lang='lat' dir='ltr'><strong>gesimum</strong></span> <span class='ocrx_word' id='word_1_226' title='bbox 386 2434 525 2464; x_wconf 79' lang='lat' dir='ltr'><strong>tertium:</strong></span> <span class='ocrx_word' id='word_1_227' title='bbox 557 2432 608 2464; x_wconf 91' lang='lat' dir='ltr'><strong>Ob</strong></span> <span class='ocrx_word' id='word_1_228' title='bbox 631 2434 747 2466; x_wconf 88' lang='lat' dir='ltr'><strong>modica</strong></span> <span class='ocrx_word' id='word_1_229' title='bbox 770 2434 879 2466; x_wconf 81' lang='lat' dir='ltr'><strong>delicta</strong></span> <span class='ocrx_word' id='word_1_230' title='bbox 903 2445 964 2466; x_wconf 90' lang='lat' dir='ltr'><strong>non</strong></span> 
     </span>
     <span class='ocr_line' id='line_1_39' title="bbox 214 2475 536 2507; baseline 0.003 -1"><span class='ocrx_word' id='word_1_231' title='bbox 214 2485 277 2506; x_wconf 86' lang='lat' dir='ltr'><strong>esse</strong></span> <span class='ocrx_word' id='word_1_232' title='bbox 292 2475 536 2507; x_wconf 81' lang='lat' dir='ltr'><strong>erubescendum.</strong></span> 
     </span>
    </p>

    <p class='ocr_par' dir='ltr' id='par_1_23' title="bbox 260 2518 680 2558">
     <span class='ocr_line' id='line_1_40' title="bbox 260 2518 680 2558; baseline 0.002 -8"><span class='ocrx_word' id='word_1_233' title='bbox 260 2519 393 2550; x_wconf 80' lang='lat' dir='ltr'><strong>Velimus</strong></span> <span class='ocrx_word' id='word_1_234' title='bbox 403 2532 416 2558; x_wconf 77' lang='grc'><strong>,-</strong></span> <span class='ocrx_word' id='word_1_235' title='bbox 438 2519 512 2550; x_wconf 91' lang='lat' dir='ltr'><strong>velle</strong></span> <span class='ocrx_word' id='word_1_236' title='bbox 526 2518 680 2551; x_wconf 81' lang='lat' dir='ltr'><strong>debemus.</strong></span> 
     </span>
    </p>

    <p class='ocr_par' dir='ltr' id='par_1_24' title="bbox 258 2563 672 2605">
     <span class='ocr_line' id='line_1_41' title="bbox 258 2563 672 2605; baseline 0.005 -13"><span class='ocrx_word' id='word_1_237' title='bbox 258 2567 320 2592; x_wconf 86' lang='grc'><strong>348</strong></span> <span class='ocrx_word' id='word_1_238' title='bbox 344 2563 455 2601; x_wconf 83' lang='lat' dir='ltr'><strong>Mens;</strong></span> <span class='ocrx_word' id='word_1_239' title='bbox 477 2563 672 2605; x_wconf 82' lang='lat' dir='ltr'><strong>propositum.</strong></span> 
     </span>
    </p>

    <p class='ocr_par' dir='ltr' id='par_1_25' title="bbox 215 2604 966 2850">
     <span class='ocr_line' id='line_1_42' title="bbox 257 2604 964 2648; baseline 0.004 -13"><span class='ocrx_word' id='word_1_240' title='bbox 257 2610 321 2638; x_wconf 86' lang='grc'><strong>349</strong></span> <span class='ocrx_word' id='word_1_241' title='bbox 344 2604 418 2636; x_wconf 83' lang='grc' dir='ltr'><strong>Νοη</strong></span> <span class='ocrx_word' id='word_1_242' title='bbox 442 2606 626 2648; x_wconf 84' lang='lat' dir='ltr'><strong>simpliciter,</strong></span> <span class='ocrx_word' id='word_1_243' title='bbox 640 2607 725 2648; x_wconf 82' lang='lat' dir='ltr'><strong>quasi</strong></span> <span class='ocrx_word' id='word_1_244' title='bbox 750 2613 853 2637; x_wconf 85' lang='lat' dir='ltr'><strong>contra</strong></span> <span class='ocrx_word' id='word_1_245' title='bbox 878 2614 964 2638; x_wconf 81' lang='lat' dir='ltr'><strong>natu-</strong></span> 
     </span>
     <span class='ocr_line' id='line_1_43' title="bbox 215 2647 965 2693; baseline 0.005 -16"><span class='ocrx_word' id='word_1_246' title='bbox 215 2657 277 2677; x_wconf 86' lang='lat' dir='ltr'><strong>ram</strong></span> <span class='ocrx_word' id='word_1_247' title='bbox 292 2658 374 2678; x_wconf 82' lang='lat' dir='ltr'><strong>suam</strong></span> <span class='ocrx_word' id='word_1_248' title='bbox 389 2649 502 2691; x_wconf 83' lang='lat' dir='ltr'><strong>gravior</strong></span> <span class='ocrx_word' id='word_1_249' title='bbox 516 2647 626 2679; x_wconf 85' lang='lat' dir='ltr'><strong>chorda</strong></span> <span class='ocrx_word' id='word_1_250' title='bbox 639 2657 759 2681; x_wconf 85' lang='lat' dir='ltr'><strong>acutum</strong></span> <span class='ocrx_word' id='word_1_251' title='bbox 774 2660 881 2681; x_wconf 81' lang='lat' dir='ltr'><strong>sonum</strong></span> <span class='ocrx_word' id='word_1_252' title='bbox 896 2662 965 2693; x_wconf 79' lang='lat' dir='ltr'><strong>pos-</strong></span> 
     </span>
     <span class='ocr_line' id='line_1_44' title="bbox 216 2690 966 2735; baseline 0.007 -15"><span class='ocrx_word' id='word_1_253' title='bbox 216 2690 254 2721; x_wconf 77' lang='lat' dir='ltr'><strong>sit</strong></span> <span class='ocrx_word' id='word_1_254' title='bbox 277 2690 407 2729; x_wconf 85' lang='lat' dir='ltr'><strong>reddere,</strong></span> <span class='ocrx_word' id='word_1_255' title='bbox 430 2691 483 2723; x_wconf 80' lang='lat' dir='ltr'><strong>sed</strong></span> <span class='ocrx_word' id='word_1_256' title='bbox 508 2690 567 2723; x_wconf 86' lang='lat' dir='ltr'><strong>hoc</strong></span> <span class='ocrx_word' id='word_1_257' title='bbox 590 2692 643 2730; x_wconf 82' lang='lat' dir='ltr'><strong>ait,</strong></span> <span class='ocrx_word' id='word_1_258' title='bbox 658 2704 736 2735; x_wconf 86' lang='lat' dir='ltr'><strong>saepe</strong></span> <span class='ocrx_word' id='word_1_259' title='bbox 750 2692 890 2724; x_wconf 79' lang='lat' dir='ltr'><strong>chordam</strong></span> <span class='ocrx_word' id='word_1_260' title='bbox 912 2702 966 2725; x_wconf 82' lang='lat' dir='ltr'><strong>aut</strong></span> 
     </span>
     <span class='ocr_line' id='line_1_45' title="bbox 218 2733 965 2776; baseline 0.008 -14"><span class='ocrx_word' id='word_1_261' title='bbox 218 2733 305 2763; x_wconf 84' lang='lat' dir='ltr'><strong>nimis</strong></span> <span class='ocrx_word' id='word_1_262' title='bbox 319 2741 371 2765; x_wconf 88' lang='lat' dir='ltr'><strong>aut</strong></span> <span class='ocrx_word' id='word_1_263' title='bbox 385 2745 489 2776; x_wconf 86' lang='lat' dir='ltr'><strong>parum</strong></span> <span class='ocrx_word' id='word_1_264' title='bbox 504 2743 618 2766; x_wconf 79' lang='lat' dir='ltr'><strong>tensam</strong></span> <span class='ocrx_word' id='word_1_265' title='bbox 640 2734 748 2775; x_wconf 83' lang='lat' dir='ltr'><strong>facere,</strong></span> <span class='ocrx_word' id='word_1_266' title='bbox 771 2745 807 2768; x_wconf 87' lang='lat' dir='ltr'><strong>ut</strong></span> <span class='ocrx_word' id='word_1_267' title='bbox 828 2736 903 2768; x_wconf 85' lang='lat' dir='ltr'><strong>alius</strong></span> <span class='ocrx_word' id='word_1_268' title='bbox 915 2748 965 2768; x_wconf 87' lang='lat' dir='ltr'><strong>so-</strong></span> 
     </span>
     <span class='ocr_line' id='line_1_46' title="bbox 217 2777 965 2848; baseline 0.009 -43"><span class='ocrx_word' id='word_1_269' title='bbox 217 2786 273 2825; x_wconf 69' lang='lat' dir='ltr'><strong>nus</strong></span> <span class='ocrx_word' id='word_1_270' title='bbox 291 2777 441 2848; x_wconf 48' lang='lat' dir='ltr'><strong>&amp;eddatuss</strong></span> <span class='ocrx_word' id='word_1_271' title='bbox 465 2789 555 2821; x_wconf 87' lang='lat' dir='ltr'><strong>quam</strong></span> <span class='ocrx_word' id='word_1_272' title='bbox 580 2779 746 2821; x_wconf 79' lang='lat' dir='ltr'><strong>postulabat</strong></span> <span class='ocrx_word' id='word_1_273' title='bbox 765 2781 840 2811; x_wconf 83' lang='lat' dir='ltr'><strong>ratio</strong></span> <span class='ocrx_word' id='word_1_274' title='bbox 860 2782 965 2812; x_wconf 86' lang='lat' dir='ltr'><strong>carmi-</strong></span> 
     </span>
     <span class='ocr_line' id='line_1_47' title="bbox 216 2829 702 2850; baseline 0.002 -2"><span class='ocrx_word' id='word_1_275' title='bbox 216 2829 270 2849; x_wconf 79' lang='lat' dir='ltr'><strong>ms.</strong></span> <span class='ocrx_word' id='word_1_276' title='bbox 324 2843 332 2850; x_wconf 92' lang='lat'><strong>.</strong></span> <span class='ocrx_word' id='word_1_277' title='bbox 626 2842 632 2845; x_wconf 31' lang='grc' dir='ltr'><strong>Α</strong></span> <span class='ocrx_word' id='word_1_278' title='bbox 699 2847 702 2849; x_wconf 72' lang='grc'><strong>,</strong></span> 
     </span>
    </p>

    <p class='ocr_par' dir='ltr' id='par_1_26' title="bbox 218 2862 965 2949">
     <span class='ocr_line' id='line_1_48' title="bbox 259 2862 964 2908; baseline 0.009 -16"><span class='ocrx_word' id='word_1_279' title='bbox 259 2867 321 2893; x_wconf 83' lang='grc'><strong>353</strong></span> <span class='ocrx_word' id='word_1_280' title='bbox 345 2862 489 2894; x_wconf 81' lang='lat' dir='ltr'><strong>Humana</strong></span> <span class='ocrx_word' id='word_1_281' title='bbox 502 2870 612 2897; x_wconf 80' lang='lat' dir='ltr'><strong>natura</strong></span> <span class='ocrx_word' id='word_1_282' title='bbox 620 2878 634 2905; x_wconf 85' lang='lat'><strong>,-</strong></span> <span class='ocrx_word' id='word_1_283' title='bbox 655 2864 687 2897; x_wconf 89' lang='lat' dir='ltr'><strong>h.</strong></span> <span class='ocrx_word' id='word_1_284' title='bbox 699 2877 727 2897; x_wconf 86' lang='lat' dir='ltr'><strong>e.</strong></span> <span class='ocrx_word' id='word_1_285' title='bbox 741 2867 895 2908; x_wconf 84' lang='lat' dir='ltr'><strong>ingenium</strong></span> <span class='ocrx_word' id='word_1_286' title='bbox 906 2865 964 2898; x_wconf 91' lang='lat' dir='ltr'><strong>hu-</strong></span> 
     </span>
     <span class='ocr_line' id='line_1_49' title="bbox 218 2905 965 2949; baseline 0.007 -13"><span class='ocrx_word' id='word_1_287' title='bbox 218 2914 352 2942; x_wconf 85' lang='lat' dir='ltr'><strong>manum,</strong></span> <span class='ocrx_word' id='word_1_288' title='bbox 366 2905 444 2946; x_wconf 88' lang='lat' dir='ltr'><strong>quod</strong></span> <span class='ocrx_word' id='word_1_289' title='bbox 460 2906 518 2938; x_wconf 86' lang='lat' dir='ltr'><strong>labi</strong></span> <span class='ocrx_word' id='word_1_290' title='bbox 533 2919 658 2949; x_wconf 90' lang='lat' dir='ltr'><strong>pronum</strong></span> <span class='ocrx_word' id='word_1_291' title='bbox 675 2917 720 2940; x_wconf 90' lang='lat' dir='ltr'><strong>est</strong></span> <span class='ocrx_word' id='word_1_292' title='bbox 733 2921 740 2940; x_wconf 76' lang='grc' dir='ltr'><strong><em>ε</em></strong></span> <span class='ocrx_word' id='word_1_293' title='bbox 763 2921 831 2940; x_wconf 84' lang='lat' dir='ltr'><strong>nam</strong></span> <span class='ocrx_word' id='word_1_294' title='bbox 847 2909 965 2941; x_wconf 85' lang='lat' dir='ltr'><strong>Huma-</strong></span> 
     </span>
    </p>
   </div>
   <div class='ocr_carea' id='block_1_16' title="bbox 216 2953 965 3032">
    <p class='ocr_par' dir='ltr' id='par_1_27' title="bbox 216 2953 965 3032">
     <span class='ocr_line' id='line_1_50' title="bbox 217 2953 965 2995; baseline 0.008 -17"><span class='ocrx_word' id='word_1_295' title='bbox 217 2957 297 2978; x_wconf 77' lang='lat' dir='ltr'><strong>num‘</strong></span> <span class='ocrx_word' id='word_1_296' title='bbox 314 2955 358 2978; x_wconf 80' lang='lat' dir='ltr'><strong>est</strong></span> <span class='ocrx_word' id='word_1_297' title='bbox 373 2958 466 2993; x_wconf 82' lang='lat' dir='ltr'><strong>errare</strong></span> <span class='ocrx_word' id='word_1_298' title='bbox 481 2961 488 2979; x_wconf 87' lang='lat'>:</span> <span class='ocrx_word' id='word_1_299' title='bbox 511 2961 608 2993; x_wconf 88' lang='lat' dir='ltr'><strong>neque</strong></span> <span class='ocrx_word' id='word_1_300' title='bbox 631 2953 733 2984; x_wconf 80' lang='lat' dir='ltr'><strong>omnia</strong></span> <span class='ocrx_word' id='word_1_301' title='bbox 748 2964 904 2995; x_wconf 80' lang='lat' dir='ltr'><strong>possumus</strong></span> <span class='ocrx_word' id='word_1_302' title='bbox 919 2953 965 2984; x_wconf 85' lang='lat' dir='ltr'><strong>vel</strong></span> 
     </span>
     <span class='ocr_line' id='line_1_51' title="bbox 216 2989 526 3032; baseline 0.01 -13"><span class='ocrx_word' id='word_1_303' title='bbox 216 2989 346 3022; x_wconf 84' lang='lat' dir='ltr'><strong>cavendo</strong></span> <span class='ocrx_word' id='word_1_304' title='bbox 359 2991 526 3032; x_wconf 77' lang='lat' dir='ltr'><strong>praevidere.</strong></span> 
     </span>
    </p>
   </div>
   <div class='ocr_carea' id='block_1_17' title="bbox 1354 1741 1634 1772">
    <p class='ocr_par' dir='ltr' id='par_1_28' title="bbox 1354 1741 1634 1772">
     <span class='ocr_line' id='line_1_52' title="bbox 1354 1741 1634 1772; baseline 0.004 -1"><span class='ocrx_word' id='word_1_305' title='bbox 1354 1746 1416 1772; x_wconf 83' lang='grc'><strong>358</strong></span> <span class='ocrx_word' id='word_1_306' title='bbox 1440 1747 1519 1771; x_wconf 83' lang='lat' dir='ltr'><strong>terve</strong></span> <span class='ocrx_word' id='word_1_307' title='bbox 1534 1741 1634 1772; x_wconf 74' lang='lat' dir='ltr'><strong>Bentl.</strong></span> 
     </span>
    </p>
   </div>
   <div class='ocr_carea' id='block_1_18' title="bbox 1004 1874 1758 2987">
    <p class='ocr_par' dir='ltr' id='par_1_29' title="bbox 1004 1874 1754 2003">
     <span class='ocr_line' id='line_1_53' title="bbox 1049 1874 1753 1918; baseline 0.004 -13"><span class='ocrx_word' id='word_1_308' title='bbox 1049 1874 1132 1906; x_wconf 77' lang='lat' dir='ltr'><strong>Quid</strong></span> <span class='ocrx_word' id='word_1_309' title='bbox 1160 1885 1227 1916; x_wconf 84' lang='lat' dir='ltr'><strong>ergo</strong></span> <span class='ocrx_word' id='word_1_310' title='bbox 1254 1875 1323 1907; x_wconf 76' lang='lat' dir='ltr'><strong>est?</strong></span> <span class='ocrx_word' id='word_1_311' title='bbox 1358 1875 1494 1918; x_wconf 84' lang='lat' dir='ltr'><strong>Apposui</strong></span> <span class='ocrx_word' id='word_1_312' title='bbox 1523 1880 1565 1907; x_wconf 77' lang='lat' dir='ltr'><strong>est</strong></span> <span class='ocrx_word' id='word_1_313' title='bbox 1592 1887 1628 1907; x_wconf 87' lang='lat' dir='ltr'><strong>ex</strong></span> <span class='ocrx_word' id='word_1_314' title='bbox 1654 1875 1753 1909; x_wconf 87' lang='lat' dir='ltr'>MSS.</span> 
     </span>
     <span class='ocr_line' id='line_1_54' title="bbox 1006 1915 1754 1960; baseline 0.007 -13"><span class='ocrx_word' id='word_1_315' title='bbox 1006 1915 1146 1948; x_wconf 89' lang='lat' dir='ltr'><strong>Lambini</strong></span> <span class='ocrx_word' id='word_1_316' title='bbox 1161 1925 1192 1949; x_wconf 86' lang='lat' dir='ltr'><strong>et</strong></span> <span class='ocrx_word' id='word_1_317' title='bbox 1205 1917 1329 1960; x_wconf 86' lang='lat' dir='ltr'><strong>Cruquii</strong></span> <span class='ocrx_word' id='word_1_318' title='bbox 1342 1926 1375 1950; x_wconf 65' lang='lat' dir='ltr'><strong>&#39;et</strong></span> <span class='ocrx_word' id='word_1_319' title='bbox 1395 1919 1543 1951; x_wconf 82' lang='lat' dir='ltr'><strong>veteribus</strong></span> <span class='ocrx_word' id='word_1_320' title='bbox 1568 1917 1754 1952; x_wconf 69' lang='lat' dir='ltr'><strong>Scholiastis.</strong></span> 
     </span>
     <span class='ocr_line' id='line_1_55' title="bbox 1004 1959 1364 2003; baseline 0.008 -13"><span class='ocrx_word' id='word_1_321' title='bbox 1004 1959 1047 1991; x_wconf 90' lang='lat' dir='ltr'><strong>Et</strong></span> <span class='ocrx_word' id='word_1_322' title='bbox 1061 1961 1176 2003; x_wconf 88' lang='lat' dir='ltr'><strong>supple,</strong></span> <span class='ocrx_word' id='word_1_323' title='bbox 1192 1963 1270 2003; x_wconf 86' lang='lat' dir='ltr'><strong>quod</strong></span> <span class='ocrx_word' id='word_1_324' title='bbox 1282 1963 1364 1993; x_wconf 71' lang='lat' dir='ltr'><strong>velis.</strong></span> 
     </span>
    </p>

    <p class='ocr_par' dir='ltr' id='par_1_30' title="bbox 1006 2003 1756 2175">
     <span class='ocr_line' id='line_1_56' title="bbox 1051 2003 1475 2079; baseline 0.007 -3"><span class='ocrx_word' id='word_1_325' title='bbox 1051 2003 1756 2081; x_wconf 55' lang='lat' dir='ltr'><strong>[m</strong></span> 
     </span>
     <span class='ocr_line' id='line_1_57' title="bbox 1006 2089 1756 2175; baseline 0.007 -13"><span class='ocrx_word' id='word_1_326' title='bbox 1006 2089 1407 2175; x_wconf 49' lang='lat' dir='ltr'><strong>{mmmm</strong></span> <span class='ocrx_word' id='word_1_327' title='bbox 1422 2092 1565 2166; x_wconf 49' lang='lat' dir='ltr'><strong>ipses</strong></span> <span class='ocrx_word' id='word_1_328' title='bbox 1576 2091 1756 2167; x_wconf 42' lang='lat' dir='ltr'><strong>iassab-,23</strong></span> 
     </span>
    </p>

    <p class='ocr_par' dir='ltr' id='par_1_31' title="bbox 1006 2156 1756 2293">
     <span class='ocr_line' id='line_1_58' title="bbox 1233 2156 1571 2172; baseline 0 0"><span class='ocrx_word' id='word_1_329' title='bbox 1233 2156 1244 2172; x_wconf 74' lang='lat'><em>5</em></span> <span class='ocrx_word' id='word_1_330' title='bbox 1561 2157 1571 2172; x_wconf 71' lang='lat'>9</span> 
     </span>
     <span class='ocr_line' id='line_1_59' title="bbox 1006 2175 1708 2220; baseline 0.006 -14"><span class='ocrx_word' id='word_1_331' title='bbox 1006 2175 1160 2218; x_wconf 78' lang='lat' dir='ltr'><strong>indignus3</strong></span> <span class='ocrx_word' id='word_1_332' title='bbox 1185 2177 1321 2219; x_wconf 85' lang='lat' dir='ltr'><strong>exemplo</strong></span> <span class='ocrx_word' id='word_1_333' title='bbox 1335 2177 1500 2209; x_wconf 77' lang='lat' dir='ltr'><strong>citharoedi.</strong></span> <span class='ocrx_word' id='word_1_334' title='bbox 1542 2179 1708 2220; x_wconf 71' lang='lat' dir='ltr'><strong>Nunnius]</strong></span> 
     </span>
     <span class='ocr_line' id='line_1_60' title="bbox 1006 2220 1756 2293; baseline 0.005 -43"><span class='ocrx_word' id='word_1_335' title='bbox 1006 2260 1029 2292; x_wconf 80' lang='lat' dir='ltr'>S</span> <span class='ocrx_word' id='word_1_336' title='bbox 1044 2225 1112 2293; x_wconf 52' lang='lat' dir='ltr'><strong>{isit</strong></span> <span class='ocrx_word' id='word_1_337' title='bbox 1134 2220 1269 2263; x_wconf 77' lang='lat' dir='ltr'><strong>Scriptor</strong></span> <span class='ocrx_word' id='word_1_338' title='bbox 1290 2222 1429 2252; x_wconf 81' lang='lat' dir='ltr'><strong>librarius</strong></span> <span class='ocrx_word' id='word_1_339' title='bbox 1440 2233 1454 2260; x_wconf 92' lang='lat'><strong>,·</strong></span> <span class='ocrx_word' id='word_1_340' title='bbox 1484 2222 1662 2264; x_wconf 75' lang='lat' dir='ltr'><strong>Bibliopola.</strong></span> <span class='ocrx_word' id='word_1_341' title='bbox 1684 2221 1756 2254; x_wconf 77' lang='lat' dir='ltr'><strong>Vet.</strong></span> 
     </span>
     <span class='ocr_line' id='line_1_61' title="bbox 1030 2272 1111 2293; baseline 0 0"><span class='ocrx_word' id='word_1_342' title='bbox 1030 2273 1046 2293; x_wconf 87' lang='lat' dir='ltr'><strong>e.</strong></span> <span class='ocrx_word' id='word_1_343' title='bbox 1070 2272 1089 2293; x_wconf 95' lang='lat' dir='ltr'><strong>o</strong></span> <span class='ocrx_word' id='word_1_344' title='bbox 1103 2285 1111 2293; x_wconf 92' lang='lat'><strong>.</strong></span> 
     </span>
    </p>

    <p class='ocr_par' dir='ltr' id='par_1_32' title="bbox 1005 2306 1758 2479">
     <span class='ocr_line' id='line_1_62' title="bbox 1049 2306 1757 2349; baseline 0.004 -12"><span class='ocrx_word' id='word_1_345' title='bbox 1049 2312 1110 2337; x_wconf 85' lang='grc'><strong>355</strong></span> <span class='ocrx_word' id='word_1_346' title='bbox 1135 2306 1282 2338; x_wconf 78' lang='lat' dir='ltr'><strong>Quamvis</strong></span> <span class='ocrx_word' id='word_1_347' title='bbox 1295 2311 1348 2345; x_wconf 84' lang='lat' dir='ltr'><strong>est,</strong></span> <span class='ocrx_word' id='word_1_348' title='bbox 1358 2316 1416 2349; x_wconf 82' lang='lat' dir='ltr'><strong>pro</strong></span> <span class='ocrx_word' id='word_1_349' title='bbox 1433 2318 1464 2338; x_wconf 84' lang='lat' dir='ltr'><strong>eo</strong></span> <span class='ocrx_word' id='word_1_350' title='bbox 1480 2308 1558 2348; x_wconf 82' lang='lat' dir='ltr'><strong>quod</strong></span> <span class='ocrx_word' id='word_1_351' title='bbox 1571 2312 1624 2346; x_wconf 79' lang='lat' dir='ltr'><strong>est,</strong></span> <span class='ocrx_word' id='word_1_352' title='bbox 1641 2308 1757 2340; x_wconf 77' lang='lat' dir='ltr'><strong>Quam-</strong></span> 
     </span>
     <span class='ocr_line' id='line_1_63' title="bbox 1005 2349 1758 2393; baseline 0.005 -14"><span class='ocrx_word' id='word_1_353' title='bbox 1005 2349 1051 2379; x_wconf 82' lang='lat' dir='ltr'><strong>vis</strong></span> <span class='ocrx_word' id='word_1_354' title='bbox 1082 2350 1133 2386; x_wconf 80' lang='lat' dir='ltr'><strong>sit,</strong></span> <span class='ocrx_word' id='word_1_355' title='bbox 1166 2355 1287 2393; x_wconf 77' lang='lat' dir='ltr'><strong>propter</strong></span> <span class='ocrx_word' id='word_1_356' title='bbox 1319 2349 1537 2392; x_wconf 70' lang='grc' dir='ltr'><strong>Κακέμφατονς</strong></span> <span class='ocrx_word' id='word_1_357' title='bbox 1581 2356 1615 2382; x_wconf 83' lang='lat' dir='ltr'><strong>ut</strong></span> <span class='ocrx_word' id='word_1_358' title='bbox 1651 2352 1758 2391; x_wconf 85' lang='lat' dir='ltr'><strong>Maro,</strong></span> 
     </span>
     <span class='ocr_line' id='line_1_64' title="bbox 1007 2391 1755 2427; baseline 0.004 -4"><span class='ocrx_word' id='word_1_359' title='bbox 1007 2391 1153 2424; x_wconf 76' lang='lat' dir='ltr'><strong>Quamvis</strong></span> <span class='ocrx_word' id='word_1_360' title='bbox 1178 2399 1220 2424; x_wconf 78' lang='lat' dir='ltr'><strong>est</strong></span> <span class='ocrx_word' id='word_1_361' title='bbox 1246 2394 1357 2425; x_wconf 62' lang='lat' dir='ltr'><strong>mastica</strong></span> <span class='ocrx_word' id='word_1_362' title='bbox 1386 2395 1524 2425; x_wconf 78' lang='lat' dir='ltr'><strong>Musam.</strong></span> <span class='ocrx_word' id='word_1_363' title='bbox 1553 2393 1624 2426; x_wconf 78' lang='lat' dir='ltr'><strong>Vet.</strong></span> <span class='ocrx_word' id='word_1_364' title='bbox 1649 2393 1755 2427; x_wconf 89' lang='lat' dir='ltr'><strong>Schol.</strong></span> 
     </span>
     <span class='ocr_line' id='line_1_65' title="bbox 1006 2434 1616 2479; baseline 0.007 -14"><span class='ocrx_word' id='word_1_365' title='bbox 1006 2434 1053 2465; x_wconf 93' lang='lat' dir='ltr'><strong>Ac</strong></span> <span class='ocrx_word' id='word_1_366' title='bbox 1068 2436 1092 2466; x_wconf 85' lang='lat' dir='ltr'><strong>si</strong></span> <span class='ocrx_word' id='word_1_367' title='bbox 1106 2443 1223 2467; x_wconf 80' lang='lat' dir='ltr'><strong>sonaret</strong></span> <span class='ocrx_word' id='word_1_368' title='bbox 1237 2436 1338 2468; x_wconf 74' lang='lat' dir='ltr'><strong>Quam</strong></span> <span class='ocrx_word' id='word_1_369' title='bbox 1348 2437 1434 2479; x_wconf 77' lang='lat' dir='ltr'><strong>pisit,</strong></span> <span class='ocrx_word' id='word_1_370' title='bbox 1450 2437 1481 2469; x_wconf 70' lang='grc' dir='ltr'><strong>ἦν</strong></span> <span class='ocrx_word' id='word_1_371' title='bbox 1494 2437 1616 2479; x_wconf 78' lang='grc' dir='ltr'><strong>μύλλει.</strong></span> 
     </span>
    </p>

    <p class='ocr_par' dir='ltr' id='par_1_33' title="bbox 1005 2478 1757 2772">
     <span class='ocr_line' id='line_1_66' title="bbox 1050 2478 1757 2522; baseline 0.004 -13"><span class='ocrx_word' id='word_1_372' title='bbox 1050 2483 1112 2510; x_wconf 82' lang='lat'><strong>356</strong></span> <span class='ocrx_word' id='word_1_373' title='bbox 1135 2478 1194 2510; x_wconf 84' lang='lat' dir='ltr'><strong>Vix</strong></span> <span class='ocrx_word' id='word_1_374' title='bbox 1207 2490 1282 2522; x_wconf 82' lang='lat' dir='ltr'><strong>opus</strong></span> <span class='ocrx_word' id='word_1_375' title='bbox 1295 2488 1339 2511; x_wconf 81' lang='lat' dir='ltr'><strong>est</strong></span> <span class='ocrx_word' id='word_1_376' title='bbox 1359 2479 1448 2512; x_wconf 91' lang='lat' dir='ltr'><strong>hodie</strong></span> <span class='ocrx_word' id='word_1_377' title='bbox 1461 2481 1561 2512; x_wconf 87' lang='lat' dir='ltr'><strong>denuo</strong></span> <span class='ocrx_word' id='word_1_378' title='bbox 1575 2491 1697 2512; x_wconf 87' lang='lat' dir='ltr'><strong>monere</strong></span> <span class='ocrx_word' id='word_1_379' title='bbox 1717 2481 1757 2513; x_wconf 88' lang='lat' dir='ltr'><strong>de</strong></span> 
     </span>
     <span class='ocr_line' id='line_1_67' title="bbox 1006 2522 1755 2565; baseline 0.005 -14"><span class='ocrx_word' id='word_1_380' title='bbox 1006 2531 1103 2552; x_wconf 88' lang='lat' dir='ltr'><strong>errore</strong></span> <span class='ocrx_word' id='word_1_381' title='bbox 1117 2532 1232 2560; x_wconf 87' lang='lat' dir='ltr'><strong>eorum,</strong></span> <span class='ocrx_word' id='word_1_382' title='bbox 1253 2524 1306 2565; x_wconf 91' lang='lat' dir='ltr'><strong>qui</strong></span> <span class='ocrx_word' id='word_1_383' title='bbox 1332 2522 1415 2554; x_wconf 91' lang='lat' dir='ltr'><strong>hunc</strong></span> <span class='ocrx_word' id='word_1_384' title='bbox 1440 2535 1555 2555; x_wconf 85' lang='lat' dir='ltr'><strong>versum</strong></span> <span class='ocrx_word' id='word_1_385' title='bbox 1577 2523 1755 2556; x_wconf 72' lang='lat' dir='ltr'><strong>Paroemiam</strong></span> 
     </span>
     <span class='ocr_line' id='line_1_68' title="bbox 1005 2563 1756 2610; baseline 0.005 -15"><span class='ocrx_word' id='word_1_386' title='bbox 1005 2563 1102 2595; x_wconf 82' lang='lat' dir='ltr'><strong>fecere</strong></span> <span class='ocrx_word' id='word_1_387' title='bbox 1116 2566 1148 2596; x_wconf 89' lang='lat' dir='ltr'><strong>in</strong></span> <span class='ocrx_word' id='word_1_388' title='bbox 1170 2576 1233 2604; x_wconf 88' lang='lat' dir='ltr'><strong>eos,</strong></span> <span class='ocrx_word' id='word_1_389' title='bbox 1255 2567 1308 2607; x_wconf 92' lang='lat' dir='ltr'><strong>qui</strong></span> <span class='ocrx_word' id='word_1_390' title='bbox 1332 2568 1440 2598; x_wconf 83' lang='lat' dir='ltr'><strong>variare</strong></span> <span class='ocrx_word' id='word_1_391' title='bbox 1462 2567 1535 2598; x_wconf 88' lang='lat' dir='ltr'><strong>nihil</strong></span> <span class='ocrx_word' id='word_1_392' title='bbox 1558 2568 1684 2610; x_wconf 86' lang='lat' dir='ltr'><strong>possint,</strong></span> <span class='ocrx_word' id='word_1_393' title='bbox 1703 2567 1756 2599; x_wconf 83' lang='lat' dir='ltr'><strong>sed</strong></span> 
     </span>
     <span class='ocr_line' id='line_1_69' title="bbox 1006 2607 1755 2653; baseline 0.005 -15"><span class='ocrx_word' id='word_1_394' title='bbox 1006 2607 1085 2638; x_wconf 88' lang='lat' dir='ltr'><strong>idem</strong></span> <span class='ocrx_word' id='word_1_395' title='bbox 1099 2619 1216 2650; x_wconf 89' lang='lat' dir='ltr'><strong>semper</strong></span> <span class='ocrx_word' id='word_1_396' title='bbox 1230 2617 1375 2651; x_wconf 85' lang='lat' dir='ltr'><strong>repetant,</strong></span> <span class='ocrx_word' id='word_1_397' title='bbox 1401 2622 1470 2641; x_wconf 90' lang='lat' dir='ltr'><strong>cum</strong></span> <span class='ocrx_word' id='word_1_398' title='bbox 1496 2611 1534 2642; x_wconf 87' lang='lat' dir='ltr'><strong>de</strong></span> <span class='ocrx_word' id='word_1_399' title='bbox 1554 2611 1683 2653; x_wconf 79' lang='lat' dir='ltr'><strong>repetito</strong></span> <span class='ocrx_word' id='word_1_400' title='bbox 1704 2620 1755 2641; x_wconf 88' lang='lat' dir='ltr'><strong>eo-</strong></span> 
     </span>
     <span class='ocr_line' id='line_1_70' title="bbox 1005 2651 1754 2695; baseline 0.005 -14"><span class='ocrx_word' id='word_1_401' title='bbox 1005 2651 1074 2681; x_wconf 90' lang='lat' dir='ltr'><strong>dem</strong></span> <span class='ocrx_word' id='word_1_402' title='bbox 1089 2662 1184 2682; x_wconf 78' lang='lat' dir='ltr'><strong>errooe</strong></span> <span class='ocrx_word' id='word_1_403' title='bbox 1209 2662 1305 2683; x_wconf 86' lang='lat' dir='ltr'><strong>sermo</strong></span> <span class='ocrx_word' id='word_1_404' title='bbox 1329 2654 1377 2684; x_wconf 88' lang='lat' dir='ltr'><strong>sit.</strong></span> <span class='ocrx_word' id='word_1_405' title='bbox 1421 2652 1527 2685; x_wconf 87' lang='lat' dir='ltr'><strong>Simile</strong></span> <span class='ocrx_word' id='word_1_406' title='bbox 1552 2653 1680 2685; x_wconf 76' lang='lat' dir='ltr'><strong>studium</strong></span> <span class='ocrx_word' id='word_1_407' title='bbox 1702 2664 1754 2695; x_wconf 89' lang='lat' dir='ltr'><strong>pa·-</strong></span> 
     </span>
     <span class='ocr_line' id='line_1_71' title="bbox 1006 2694 1754 2738; baseline 0.003 -13"><span class='ocrx_word' id='word_1_408' title='bbox 1006 2695 1119 2726; x_wconf 84' lang='lat' dir='ltr'><strong>roemiae</strong></span> <span class='ocrx_word' id='word_1_409' title='bbox 1144 2694 1227 2733; x_wconf 88' lang='lat' dir='ltr'><strong>fecit,</strong></span> <span class='ocrx_word' id='word_1_410' title='bbox 1253 2703 1287 2726; x_wconf 88' lang='lat' dir='ltr'><strong>ut</strong></span> <span class='ocrx_word' id='word_1_411' title='bbox 1311 2695 1455 2735; x_wconf 88' lang='lat' dir='ltr'><strong>dicerent,</strong></span> <span class='ocrx_word' id='word_1_412' title='bbox 1480 2698 1654 2738; x_wconf 76' lang='lat' dir='ltr'><strong>quandoque</strong></span> <span class='ocrx_word' id='word_1_413' title='bbox 1678 2694 1710 2727; x_wconf 86' lang='lat' dir='ltr'><strong>h.</strong></span> <span class='ocrx_word' id='word_1_414' title='bbox 1726 2707 1754 2727; x_wconf 89' lang='lat' dir='ltr'><strong>e.</strong></span> 
     </span>
     <span class='ocr_line' id='line_1_72' title="bbox 1006 2738 1646 2772; baseline 0.003 -5"><span class='ocrx_word' id='word_1_415' title='bbox 1006 2738 1154 2768; x_wconf 87' lang='lat' dir='ltr'><strong>interdum</strong></span> <span class='ocrx_word' id='word_1_416' title='bbox 1170 2739 1260 2770; x_wconf 80' lang='lat' dir='ltr'><strong>bonus</strong></span> <span class='ocrx_word' id='word_1_417' title='bbox 1274 2740 1414 2771; x_wconf 64' lang='lat' dir='ltr'><strong>(imitat</strong></span> <span class='ocrx_word' id='word_1_418' title='bbox 1430 2741 1584 2772; x_wconf 77' lang='lat' dir='ltr'><strong>Homerus·</strong></span> <span class='ocrx_word' id='word_1_419' title='bbox 1605 2738 1646 2770; x_wconf 90' lang='lat' dir='ltr'><strong>G.</strong></span> 
     </span>
    </p>

    <p class='ocr_par' dir='ltr' id='par_1_34' title="bbox 1007 2780 1753 2856">
     <span class='ocr_line' id='line_1_73' title="bbox 1048 2780 1753 2856; baseline 0.001 -44"><span class='ocrx_word' id='word_1_420' title='bbox 1048 2786 1108 2817; x_wconf 84' lang='grc'><strong>357</strong></span> <span class='ocrx_word' id='word_1_421' title='bbox 1138 2781 1241 2856; x_wconf 60' lang='grc' dir='ltr'><strong>6*εὲςαί</strong></span> <span class='ocrx_word' id='word_1_422' title='bbox 1252 2794 1266 2821; x_wconf 91' lang='lat'><em>;</em></span> <span class='ocrx_word' id='word_1_423' title='bbox 1288 2782 1411 2824; x_wconf 85' lang='lat' dir='ltr'><strong>ignavus</strong></span> <span class='ocrx_word' id='word_1_424' title='bbox 1425 2790 1478 2814; x_wconf 87' lang='lat' dir='ltr'><strong>est.</strong></span> <span class='ocrx_word' id='word_1_425' title='bbox 1499 2781 1539 2814; x_wconf 88' lang='lat' dir='ltr'><strong>B.</strong></span> <span class='ocrx_word' id='word_1_426' title='bbox 1570 2780 1639 2813; x_wconf 81' lang='lat' dir='ltr'><strong>Vid.</strong></span> <span class='ocrx_word' id='word_1_427' title='bbox 1654 2780 1753 2824; x_wconf 82' lang='lat' dir='ltr'><strong>Epist.</strong></span> 
     </span>
     <span class='ocr_line' id='line_1_74' title="bbox 1007 2830 1214 2855; baseline 0.005 -1"><span class='ocrx_word' id='word_1_428' title='bbox 1007 2830 1038 2855; x_wconf 83' lang='lat'><strong>2.</strong></span> <span class='ocrx_word' id='word_1_429' title='bbox 1053 2831 1084 2855; x_wconf 79' lang='lat'><strong>2.</strong></span> <span class='ocrx_word' id='word_1_430' title='bbox 1102 2832 1150 2855; x_wconf 80' lang='lat'><strong>14.</strong></span> <span class='ocrx_word' id='word_1_431' title='bbox 1206 2847 1214 2855; x_wconf 84' lang='lat'><strong>.</strong></span> 
     </span>
    </p>

    <p class='ocr_par' dir='ltr' id='par_1_35' title="bbox 1006 2865 1753 2987">
     <span class='ocr_line' id='line_1_75' title="bbox 1048 2865 1752 2909; baseline 0 -11"><span class='ocrx_word' id='word_1_432' title='bbox 1048 2866 1100 2898; x_wconf 92' lang='lat' dir='ltr'><strong>De</strong></span> <span class='ocrx_word' id='word_1_433' title='bbox 1117 2867 1245 2899; x_wconf 72' lang='lat' dir='ltr'><strong>Choem&#39;lo</strong></span> <span class='ocrx_word' id='word_1_434' title='bbox 1261 2868 1374 2899; x_wconf 85' lang='lat' dir='ltr'><strong>dictum</strong></span> <span class='ocrx_word' id='word_1_435' title='bbox 1388 2868 1478 2899; x_wconf 69' lang='lat' dir='ltr'><strong>estin</strong></span> <span class='ocrx_word' id='word_1_436' title='bbox 1492 2865 1626 2909; x_wconf 81' lang='lat' dir='ltr'><strong>Epistola</strong></span> <span class='ocrx_word' id='word_1_437' title='bbox 1639 2866 1676 2898; x_wconf 86' lang='lat' dir='ltr'><strong>ad</strong></span> <span class='ocrx_word' id='word_1_438' title='bbox 1690 2866 1752 2898; x_wconf 87' lang='lat' dir='ltr'><strong>Au-</strong></span> 
     </span>
     <span class='ocr_line' id='line_1_76' title="bbox 1006 2909 1753 2954; baseline 0.003 -13"><span class='ocrx_word' id='word_1_439' title='bbox 1006 2918 1126 2952; x_wconf 86' lang='lat' dir='ltr'><strong>gustum</strong></span> <span class='ocrx_word' id='word_1_440' title='bbox 1144 2912 1187 2952; x_wconf 82' lang='lat'><strong>(2.</strong></span> <span class='ocrx_word' id='word_1_441' title='bbox 1205 2918 1232 2941; x_wconf 93' lang='lat'><strong>1.</strong></span> <span class='ocrx_word' id='word_1_442' title='bbox 1249 2911 1346 2952; x_wconf 55' lang='lat'>233).</span> <span class='ocrx_word' id='word_1_443' title='bbox 1391 2909 1493 2951; x_wconf 80' lang='lat' dir='ltr'><strong>Hujus</strong></span> <span class='ocrx_word' id='word_1_444' title='bbox 1511 2911 1629 2942; x_wconf 76' lang='lat' dir='ltr'><strong>omniuo</strong></span> <span class='ocrx_word' id='word_1_445' title='bbox 1644 2915 1753 2954; x_wconf 79' lang='lat' dir='ltr'><strong>septem</strong></span> 
     </span>
     <span class='ocr_line' id='line_1_77' title="bbox 1007 2951 1537 2987; baseline -0.002 -2"><span class='ocrx_word' id='word_1_446' title='bbox 1007 2964 1108 2986; x_wconf 73' lang='lat' dir='ltr'><strong>versus</strong></span> <span class='ocrx_word' id='word_1_447' title='bbox 1122 2954 1332 2986; x_wconf 75' lang='lat' dir='ltr'><strong>laudabantur.</strong></span> <span class='ocrx_word' id='word_1_448' title='bbox 1355 2952 1423 2987; x_wconf 82' lang='lat' dir='ltr'><strong>Vet.</strong></span> <span class='ocrx_word' id='word_1_449' title='bbox 1435 2951 1537 2985; x_wconf 88' lang='lat' dir='ltr'><strong>Schol.</strong></span> 
     </span>
    </p>
   </div>
  </div>
 </body>
</html>
