1950 3626
223 338 265 380 iv
518 336 610 382 JO.
646 337 785 383 CAR.
823 336 1062 381 ZEUNII
1097 334 1462 380 PRAEFATIO.

225 472 478 538 praeposui.
547 473 651 526 Pro
667 473 822 523 indice
844 473 1013 538 prioris
1034 471 1253 522 editionis
1272 472 1410 521 valde
1421 470 1592 535 jejuno
1612 475 1662 516 et
1678 467 1764 515 im·

223 556 450 621 perfecte,
479 557 560 623 qui
586 575 674 608 nec
697 558 890 609 nomina
914 575 1004 607 nec
1029 556 1331 607 Latinitatem
1354 554 1467 612 satis
1493 553 1761 609 exhibebat,

225 642 407 691 confeci
427 641 632 692 indicem
654 642 922 692 Nominum
938 659 1048 691 cum
1068 640 1198 691 brevi
1222 640 1550 706 explicatione,
1568 654 1764 703 praeser-

224 723 308 774 tim
329 742 438 776 cum
463 726 509 775 in
527 727 648 776 notis
668 726 778 777 huic
802 726 870 777 rei
893 743 988 775 non
1005 727 1181 791 ubique
1204 725 1495 776 satisfactum
1512 740 1616 773 esse
1636 722 1766 770 vide-

225 817 367 859 retur.
442 811 655 860 Omnino
668 821 827 861 autem
843 811 932 872 hic,
954 811 1165 877 inprimis
1180 811 1225 861 in
1243 827 1548 876 personarum
1566 807 1763 866 ratione,

224 903 458 957 quantum
479 894 580 944 fieri
606 896 773 961 potuit,
790 896 820 946 J
826 896 902 945 ani
925 896 1196 957 doctissimi,
1219 895 1301 960 qui
1328 893 1517 943 Horatii
1538 891 1769 944 Carmina

224 978 569 1046 elegantissime
604 980 764 1040 edidit,
791 989 840 1030 et
865 980 1120 1030 Wielandii
1144 979 1230 1028 viri
1260 978 1446 1047 ingenio
1480 987 1529 1027 et
1551 976 1767 1026 doctrina

225 1062 485 1125 clarissimi,
514 1065 594 1129 qui
612 1064 863 1114 Sermones
889 1073 938 1114 et
958 1065 1212 1130 Epistolas,
1235 1063 1405 1112 additis
1429 1061 1766 1112 observationi-

223 1149 314 1197 bus
332 1148 457 1197 lectu
483 1148 781 1215 dignissimis,
806 1149 1098 1198 Germanice
1125 1147 1344 1206 reddidit,
1361 1163 1509 1211 opera
1530 1163 1607 1195 me
1627 1163 1766 1195 usum

225 1248 331 1281 esse
354 1240 513 1299 gratus
539 1231 778 1296 profiteor.
852 1232 1019 1288 Quare
1042 1231 1081 1280 si
1105 1230 1219 1295 quid
1235 1230 1281 1278 in
1297 1231 1385 1278 hac
1408 1229 1613 1278 editione
1637 1246 1668 1278 a
1690 1246 1769 1291 me

225 1314 489 1382 praestitum
513 1315 668 1376 fuerit,
695 1316 825 1380 quod
842 1315 1082 1381 juventuti
1108 1314 1403 1364 scholasticae
1429 1315 1491 1363 ad
1513 1313 1770 1368 faciliuset

226 1383 670 1451 rectius'Horatium
689 1399 1042 1467 intelligendum
1054 1399 1216 1465 prosit,
1232 1400 1536 1449 vehementer
1554 1398 1769 1448 laetabor.

534 1601 967 1646 BIBLIOPOLAE
1014 1601 1455 1645 LECTORIBUS.

286 1708 366 1752 Pro
386 1707 522 1751 indice
539 1724 564 1752 a
587 1709 768 1752 Zmnuo
791 1724 913 1767 supra
942 1717 1182 1763 memorato,
1199 1708 1387 1766 gratiam,
1409 1710 1519 1767 quod
1548 1724 1771 1767 speramus,

228 1782 342 1826 vobis
357 1782 518 1836 facturi,
540 1782 823 1826 substituimus
848 1785 972 1841 longe
990 1784 1301 1842 locupletiorem
1328 1793 1369 1827 et
1396 1785 1618 1840 utiliorem,
1637 1786 1774 1830 studio

227 1857 341 1915 prius
356 1865 398 1900 et
416 1858 555 1901 labore
570 1857 779 1901 Tun-mm
797 1860 1034 1912 collectum,
1053 1873 1178 1917 quem
1198 1859 1369 1902 editioni
1389 1868 1528 1918 postea
1545 1862 1772 1907 BEN’ruu-

230 1945 334 1974 ANAE
344 1932 688 1975 AmsmLAEDAm
703 1934 880 1989 vulgatae
892 1933 1384 1978 IssAcusVanunGms
1400 1936 1605 1993 adaptavit
1611 1951 1624 1989 3
1644 1952 1770 1995 quem

231 2006 368 2049 denuo
386 2006 502 2049 mille
531 2005 631 2049 loeis
659 2015 829 2049 auctum
848 2016 971 2065 atque
1000 2009 1265 2053 emendatum
1294 2008 1467 2067 subjecit
1495 2011 1667 2055 editioni
1684 2026 1771 2055 suae

231 2079 508 2123 Londinensis
527 2080 658 2123 editor
673 2095 846 2138 operum
867 2081 1070 2128 HoRATn
1090 2099 1188 2128 cum
1203 2084 1310 2129 notis
1329 2086 1533 2130 variorum
1555 2087 1597 2131 in
1612 2088 1771 2131 duobus

230 2154 355 2198 tomis
375 2154 418 2196 in
436 2159 509 2197 4to
526 2154 624 2197 anni
645 2168 887 2200 Mnccxcn.
907 2171 974 2200 111.

311 2258 488 2293 Dabam·
500 2259 656 2301 Londini,

270 2324 387 2350 mense
402 2316 530 2360 Martii,
542 2326 724 2354 uncccrx.
750 2270 781 2359 }
